=LDR  01835 am a2200493 i 4500
=001  016413497
=003  Uk
=005  20130522074752.0
=006  m\\\\||\\d\|\\\\\\
=007  cr\|||||||||||
=008  130516s2013\\\\enk\\\\\ob\\\|0|0\0|eng\\
=FMT  \\$a  BK
=015  \\$aGBB349578$2bnb
=040  \\$aUk$beng$cUk$erda
=042  \\$aukblsr
=082  04$a664.9297$223
=110  1\$aGreat Britain.$bFood Analysis Performance Assessment Scheme,$eauthor.
=245  10$aMeat authenticity (Beef).$pFebruary-April 2013 /$cprepared and authorised on behalf of FAPAS by Dominic Anderson (Round Coordinator).
=264  \1$aSand Hutton, York :$bFAPAS,$c[2013]
=300  \\$a1 online resource (23 pages).
=336  \\$atext$2rdacontent
=337  \\$acomputer$2rdamedia
=338  \\$aonline resource$2rdacarrier
=490  0\$aFAPAS report ;$v2949
=504  \\$aIncludes bibliographical references.
=588  \\$aDescription based on online resource; title from PDF cover page (viewed on May 21, 2013).
=650  \0$aBeef$xTesting.
=650  \0$aBeef$xAnalysis.
=650  \0$aMeat$xContamination$xAnalysis.
=650  \0$aFood$xAnalysis$xQuality control.
=650  \0$aChemical laboratories$xQuality control.
=700  1\$aAnderson, Dominic,$eauthor.
=856  4\$uhttp://www.fapas.com/$zCustomer login required
=859  \\$aELD$bebook
=852  41$aBritish Library$bHMNTS$jELD Digital store
=CAT  \\$a10983$b40$c20130516$lBLL01$h0847
=CAT  \\$a8141$b40$c20130521$lBLL01$h1519
=CAT  \\$a8141$b40$c20130522$lBLL01$h0747
=CAT  \\$aWR14.047$c20140417$lBLL01$h1646
=CAT  \\$aW1611-0868$c20161114$lBLL01$h1414
=CAT  \\$aW1711-1225$c20171203$lBLL01$h1053
=FIN  \\$aY$d20130521
=STA  \\$aSUPPRESSED$bunable to determine reason for suppression
=LAS  \\$aW1711-1225$b00$c20171203$lBLL01$h1053

