=LDR  01858 am a2200481 i 4500
=001  016418459
=003  Uk
=005  20130531105933.0
=006  m\\\\||\\d\|\\\\\\
=007  cr\|||||||||||
=008  130528s2013\\\\enka\\\\ob\\\|0|0\0|eng\\
=FMT  \\$a  BK
=015  \\$aGBB352617$2bnb
=040  \\$aUk$beng$cUk$erda
=042  \\$aukblsr
=082  04$a664.54$223
=110  1\$aGreat Britain.$bFood Analysis Performance Assessment Scheme,$eauthor.
=245  10$aIllegal dyes in hot pepper sauce.$pFebruary-April 2013 /$cprepared and authorised on behalf of FAPAS by Simon Hunter (Round Coordinator).
=264  \1$aSand Hutton, York :$bFAPAS,$c[2013]
=300  \\$a1 online resource (43 pages) :$billustrations (black and white).
=336  \\$atext$2rdacontent
=337  \\$acomputer$2rdamedia
=338  \\$aonline resource$2rdacarrier
=490  0\$aFAPAS report ;$v2098
=504  \\$aIncludes bibliographical references.
=588  \\$aDescription based on online resource; title from PDF cover page (viewed on May 31, 2013).
=650  \0$aHot pepper sauces$xTesting.
=650  \0$aHot pepper sauces$xAnalysis.
=650  \0$aColoring matter in food$xAnalysis.
=650  \0$aColoring matter in food$xTesting.
=650  \0$aChemical laboratories$xQuality control.
=700  1\$aHunter, Simon,$d1975-$eauthor.
=856  4\$uhttp://www.fapas.com/$zCustomer login required
=859  \\$aELD$bebook
=852  41$aBritish Library$bHMNTS$jELD Digital store
=CAT  \\$a10983$b40$c20130528$lBLL01$h1439
=CAT  \\$a8141$b40$c20130531$lBLL01$h1059
=CAT  \\$aWR14.047$c20140417$lBLL01$h1646
=CAT  \\$aW1611-0868$c20161114$lBLL01$h1414
=CAT  \\$aW1711-1225$c20171203$lBLL01$h1053
=FIN  \\$aY$d20130531
=STA  \\$aSUPPRESSED$bunable to determine reason for suppression
=LAS  \\$aW1711-1225$b00$c20171203$lBLL01$h1053

