=LDR  01799 am a2200481 i 4500
=001  016420290
=003  Uk
=005  20130531094113.0
=006  m\\\\||\\d\|\\\\\\
=007  cr\|||||||||||
=008  130530s2013\\\\enka\\\\ob\\\|0|0\0|eng\\
=FMT  \\$a  BK
=015  \\$aGBB352611$2bnb
=040  \\$aUk$beng$cUk$erda
=042  \\$aukblsr
=082  04$a641.371$223
=110  1\$aGreat Britain.$bFood Analysis Performance Assessment Scheme,$eauthor.
=245  10$aAnthelmintics in bovine milk.$pMarch-April 2013 /$cprepared and authorised on behalf of FAPAS by Michael Knaggs (Round Coordinator).
=264  \1$aSand Hutton, York :$bFAPAS,$c[2013]
=300  \\$a1 online resource (34 pages) :$billustrations (black and white).
=336  \\$atext$2rdacontent
=337  \\$acomputer$2rdamedia
=338  \\$aonline resource$2rdacarrier
=490  0\$aFAPAS report ;$v02204
=504  \\$aIncludes bibliographical references.
=588  \\$aDescription based on online resource; title from PDF cover page (viewed on May 31, 2013).
=650  \0$aMilk$xTesting.
=650  \0$aMilk$xAnlysis.
=650  \0$aAnthelmintics$xAnalysis.
=650  \0$aMilk contamination.
=650  \0$aChemical laboratories$xQuality control.
=700  1\$aKnaggs, Michael,$eauthor.
=856  4\$uhttp://www.fapas.com/$zCustomer login required
=859  \\$aELD$bebook
=852  41$aBritish Library$bHMNTS$jELD Digital store
=CAT  \\$a10983$b40$c20130530$lBLL01$h1426
=CAT  \\$a8141$b40$c20130531$lBLL01$h0941
=CAT  \\$aWR14.047$c20140417$lBLL01$h1646
=CAT  \\$aW1611-0868$c20161114$lBLL01$h1414
=CAT  \\$aW1711-1225$c20171203$lBLL01$h1053
=FIN  \\$aY$d20130531
=STA  \\$aSUPPRESSED$bunable to determine reason for suppression
=LAS  \\$aW1711-1225$b00$c20171203$lBLL01$h1053

