=LDR  01916 am a2200493 i 4500
=001  016420312
=003  Uk
=005  20130531084256.0
=006  m\\\\||\\d\|\\\\\\
=007  cr\|||||||||||
=008  130530s2013\\\\enka\\\\ob\\\|0|0\0|eng\\
=FMT  \\$a  BK
=015  \\$aGBB352606$2bnb
=040  \\$aUk$beng$cUk$erda
=042  \\$aukblsr
=082  04$a664.805655$223
=110  1\$aGreat Britain.$bFood Analysis Performance Assessment Scheme,$eauthor.
=245  10$a3-MCPD and 1,3-DCP in hydrolysed vegetable protein.$pMarch-May 2013 /$cprepared and authorised on behalf of FAPAS by Simon Hunter (Round Coordinator).
=264  \1$aSand Hutton, York :$bFAPAS,$c[2013]
=300  \\$a1 online resource (23 pages) :$billustrations (black and white).
=336  \\$atext$2rdacontent
=337  \\$acomputer$2rdamedia
=338  \\$aonline resource$2rdacarrier
=490  0\$aFAPAS report ;$v2635
=504  \\$aIncludes bibliographical references.
=588  \\$aDescription based on online resource; title from PDF cover page (viewed on May 31, 2013).
=650  \0$aTextured soy proteins$xTesting.
=650  \0$aTextured soy proteins$xAnalysis.
=650  \0$aChlorohydrocarbons$xAnalysis.
=650  \0$aFood$xSafety measures.
=650  \0$aFood$xAnalysis$xQuality control.
=650  \0$aChemical laboratories$xQuality control.
=700  1\$aHunter, Simon,$d1975-$eauthor.
=856  4\$uhttp://www.fapas.com/$zCustomer login required
=859  \\$aELD$bebook
=852  41$aBritish Library$bHMNTS$jELD Digital store
=CAT  \\$a10983$b40$c20130530$lBLL01$h1448
=CAT  \\$a8141$b40$c20130531$lBLL01$h0842
=CAT  \\$aWR14.047$c20140417$lBLL01$h1646
=CAT  \\$aW1611-0868$c20161114$lBLL01$h1414
=CAT  \\$aW1711-1225$c20171203$lBLL01$h1053
=FIN  \\$aY$d20130531
=STA  \\$aSUPPRESSED$bunable to determine reason for suppression
=LAS  \\$aW1711-1225$b00$c20171203$lBLL01$h1053

