=LDR  01609 am a2200409 i 4500
=001  016430779
=003  Uk
=005  20130702090304.0
=006  m\\\\||\\d\|\\\\\\
=007  cr\|||||||||||
=008  130613s2013\\\\enk\\\\\o\\\\\100\0|eng\\
=FMT  \\$a  BK
=015  \\$aGBB356723$2bnb
=040  \\$aUk$beng$cUk$erda
=042  \\$aukblsr
=082  04$a302.230941$223
=111  2\$aWestminster Media Forum Keynote Seminar: The Future for Local Media - TV, Print, Radio and the Web$d(2013 :$cLondon, England)
=245  14$aThe future for local media :$bTV, print, radio and the web, 30th May 2013.
=264  \1$aBracknell, Berkshire :$bWestminster Media Forum,$c[2013?]
=300  \\$a1 online resource (89 pages)
=336  \\$atext$2rdacontent
=337  \\$acomputer$2rdamedia
=338  \\$aonline resource$2rdacarrier
=588  \\$aDescription based on online resource; title from PDF cover page (viewed on July 2, 2013).
=650  \0$aLocal mass media$zGreat Britain$vCongresses.
=710  2\$aWestminster Media Forum,$epublisher,$ehost institution.
=856  4\$uhttp://www.westminsterforumprojects.co.uk/$zPublisher's Web site
=859  \\$aELD$bebook
=852  41$aBritish Library$bHMNTS$jELD Digital store
=CAT  \\$a12664$b40$c20130613$lBLL01$h0934
=CAT  \\$a8141$b40$c20130702$lBLL01$h0903
=CAT  \\$aWR14.047$c20140417$lBLL01$h1646
=CAT  \\$aW1611-0868$c20161114$lBLL01$h1414
=CAT  \\$aW1711-1225$c20171203$lBLL01$h1053
=FIN  \\$aY$d20130702
=STA  \\$aSUPPRESSED$bunable to determine reason for suppression
=LAS  \\$aW1711-1225$b00$c20171203$lBLL01$h1053

