=LDR  01769 am a2200433 i 4500
=001  016430783
=003  Uk
=005  20130701150838.0
=006  m\\\\||\\d\|\\\\\\
=007  cr\|||||||||||
=008  130613s2013\\\\enk\\\\\o\\\\\100\0|eng\\
=FMT  \\$a  BK
=015  \\$aGBB356555$2bnb
=040  \\$aUk$beng$cUk$erda
=042  \\$aukblsr
=082  04$a362.29260941$223
=111  2\$aWestminster Social Policy Forum Keynote Seminar: The Future of Alcohol Policy$d(2013 :$cLondon, England)
=245  14$aThe future of alcohol policy, 23rd May 2013.
=264  \1$aBracknell, Berkshire :$bWestminster Social Policy Forum,$c[2013?]
=300  \\$a1 online resource (79 pages)
=336  \\$atext$2rdacontent
=337  \\$acomputer$2rdamedia
=338  \\$aonline resource$2rdacarrier
=588  \\$aDescription based on online resource; title from PDF cover page (viewed on July 1, 2013).
=650  \0$aDrinking of alcoholic beverages$xGovernment policy$zGreat Britain$vCongresses.
=650  \0$aDrinking of alcoholic beverages$xPrices$zGreat Britain$vCongresses.
=650  \0$aAlcoholic beverages$zGreat Britain$xMarketing$vCongresses.
=710  2\$aWestminster Social Policy Forum,$epublisher,$ehost institution.
=856  4\$uhttp://www.westminsterforumprojects.co.uk/$zPublisher's Web site
=859  \\$aELD$bebook
=852  41$aBritish Library$bHMNTS$jELD Digital store
=CAT  \\$a12664$b40$c20130613$lBLL01$h0938
=CAT  \\$a8141$b40$c20130701$lBLL01$h1508
=CAT  \\$aWR14.047$c20140417$lBLL01$h1646
=CAT  \\$aW1611-0868$c20161114$lBLL01$h1414
=CAT  \\$aW1711-1225$c20171203$lBLL01$h1053
=FIN  \\$aY$d20130701
=STA  \\$aSUPPRESSED$bunable to determine reason for suppression
=LAS  \\$aW1711-1225$b00$c20171203$lBLL01$h1053

