=LDR  01876 am a2200445 i 4500
=001  016430788
=003  Uk
=005  20130701111629.0
=006  m\\\\||\\d\|\\\\\\
=007  cr\|||||||||||
=008  130613s2013\\\\enk\\\\\o\\\\\100\0|eng\\
=FMT  \\$a  BK
=015  \\$aGBB356524$2bnb
=040  \\$aUk$beng$cUk$erda
=042  \\$aukblsr
=082  04$a374.942$223
=111  2\$aWestminster Education Forum Keynote Seminar: Policy Changes For Further Education in England - Funding, Standards and Profile of the Sector$d(2013 :$cLondon, England)
=245  10$aPolicy changes for further education in England :$bfunding, standards and profile of the sector, 16th May 2013.
=264  \1$aBracknell, Berkshire :$bWestminster Education Forum,$c[2013?]
=300  \\$a1 online resource (82 pages)
=336  \\$atext$2rdacontent
=337  \\$acomputer$2rdamedia
=338  \\$aonline resource$2rdacarrier
=588  \\$aDescription based on online resource; title from PDF cover page (viewed on July 1, 2013).
=650  \0$aContinuing education$zEngland$vCongresses.
=650  \0$aContinuing education$zEngland$xFinance$vCongresses.
=650  \0$aContinuing education$xStandards$zEngland$vCongresses.
=710  2\$aWestminster Education Forum,$epublisher,$ehost institution.
=856  4\$uhttp://www.westminsterforumprojects.co.uk/$zPublisher's Web site
=859  \\$aELD$bebook
=852  41$aBritish Library$bHMNTS$jELD Digital store
=CAT  \\$a12664$b40$c20130613$lBLL01$h0942
=CAT  \\$a8141$b40$c20130701$lBLL01$h1114
=CAT  \\$a8141$b40$c20130701$lBLL01$h1116
=CAT  \\$aWR14.047$c20140417$lBLL01$h1646
=CAT  \\$aW1611-0868$c20161114$lBLL01$h1414
=CAT  \\$aW1711-1225$c20171203$lBLL01$h1053
=FIN  \\$aY$d20130701
=STA  \\$aSUPPRESSED$bunable to determine reason for suppression
=LAS  \\$aW1711-1225$b00$c20171203$lBLL01$h1053

