=LDR  02122 am a2200481 i 4500
=001  016430792
=003  Uk
=005  20130626120545.0
=006  m\\\\||\\d\|\\\\\\
=007  cr\|||||||||||
=008  130613s2013\\\\enk\\\\\ob\\\\100\0|eng\\
=FMT  \\$a  BK
=015  \\$aGBB356289$2bnb
=040  \\$aUk$beng$cUk$erda
=042  \\$aukblsr
=082  04$a363.325$223
=111  2\$aWestminster eForum Keynote Seminar: Cyber Security in the UK and Europe: Critical Infrastructure, Collaboration and Skills$d(2013 :$cLondon, England)
=245  10$aCyber security in the UK and Europe :$bcritical infrastructure, collaboration and skills, 16th May 2013.
=264  \1$aBracknell, Berkshire :$bWestminster eForum,$c[2013?]
=300  \\$a1 online resource (93 pages)
=336  \\$atext$2rdacontent
=337  \\$acomputer$2rdamedia
=338  \\$aonline resource$2rdacarrier
=504  \\$aIncludes bibliographical references.
=588  \\$aDescription based on online resource; title from PDF cover page (viewed on June 26, 2013).
=650  \0$aComputer networks$xSecurity measures$xGovernment policy$zGreat Britain$vCongresses.
=650  \0$aComputer networks$xSecurity measures$zEurope$vCongresses.
=650  \0$aInternet$xSecurity measures$xGovernment policy$zGreat Britain$vCongresses.
=650  \0$aCyberspace$xSecurity measures$vCongresses.
=650  \0$aElectronic commerce$xSecurity measures$zGreat Britain$vCongresses.
=650  \0$aComputer crimes$zGreat Britain$xPrevention$vCongresses.
=710  2\$aWestminster eForum,$epublisher,$ehost institution.
=856  4\$uhttp://www.westminsterforumprojects.co.uk/$zPublisher's Web site
=859  \\$aELD$bebook
=852  41$aBritish Library$bHMNTS$jELD Digital store
=CAT  \\$a12664$b40$c20130613$lBLL01$h0946
=CAT  \\$a8141$b40$c20130626$lBLL01$h1205
=CAT  \\$aWR14.047$c20140417$lBLL01$h1646
=CAT  \\$aW1611-0868$c20161114$lBLL01$h1414
=CAT  \\$aW1711-1225$c20171203$lBLL01$h1053
=FIN  \\$aY$d20130626
=STA  \\$aSUPPRESSED$bunable to determine reason for suppression
=LAS  \\$aW1711-1225$b00$c20171203$lBLL01$h1053

