=LDR  01770 am a2200445 i 4500
=001  016430799
=003  Uk
=005  20130701080541.0
=006  m\\\\||\\d\|\\\\\\
=007  cr\|||||||||||
=008  130613s2013\\\\enk\\\\\o\\\\\100\0|eng\\
=FMT  \\$a  BK
=015  \\$aGBB356369$2bnb
=040  \\$aUk$beng$cUk$erda
=042  \\$aukblsr
=082  04$a336.41$223
=111  2\$aWestminster Business Forum Keynote Seminar: The Future of the Private Finance Initiative$d(2013 :$cLondon, England)
=245  14$aThe future of the private finance initiative, 14th May 2013.
=264  \1$aBracknell, Berkshire :$bWestminster Business Forum,$c[2013?]
=300  \\$a1 online resource (68 pages)
=336  \\$atext$2rdacontent
=337  \\$acomputer$2rdamedia
=338  \\$aonline resource$2rdacarrier
=588  \\$aDescription based on online resource; title from PDF cover page (viewed on June 27, 2013).
=610  20$aPrivate Finance Initiative$vCongresses.
=650  \0$aPublic-private sector cooperation$zGreat Britain$vCongresses.
=650  \0$aPublic contracts$zGreat Britain$vCongresses.
=710  2\$aWestminster Business Forum,$epublisher,$ehost institution.
=856  4\$uhttp://www.westminsterforumprojects.co.uk/$zPublisher's Web site
=859  \\$aELD$bebook
=852  41$aBritish Library$bHMNTS$jELD Digital store
=CAT  \\$a12664$b40$c20130613$lBLL01$h0948
=CAT  \\$a8141$b40$c20130627$lBLL01$h0903
=CAT  \\$a8141$b40$c20130701$lBLL01$h0805
=CAT  \\$aWR14.047$c20140417$lBLL01$h1646
=CAT  \\$aW1611-0868$c20161114$lBLL01$h1414
=CAT  \\$aW1711-1225$c20171203$lBLL01$h1053
=FIN  \\$aY$d20130627
=STA  \\$aSUPPRESSED$bunable to determine reason for suppression
=LAS  \\$aW1711-1225$b00$c20171203$lBLL01$h1053

