=LDR  01985 am a2200457 i 4500
=001  016430802
=003  Uk
=005  20130627075916.0
=006  m\\\\||\\d\|\\\\\\
=007  cr\|||||||||||
=008  130613s2013\\\\enk\\\\\o\\\\\100\0|eng\\
=FMT  \\$a  BK
=015  \\$aGBB356358$2bnb
=040  \\$aUk$beng$cUk$erda
=042  \\$aukblsr
=082  04$a378.1060942$223
=111  2\$aWestminster Higher Education Forum Keynote Seminar: Higher Education Finances - TRAC Reporting, Shared Services and Diversifying Income Streams$d(2013 :$cLondon, England)
=245  10$aHigher education finances - TRAC reporting, shared services and diversifying income streams, 15th May 2013.
=264  \1$aBracknell, Berkshire :$bWestminster Higher Education Forum,$c[2013?]
=300  \\$a1 online resource (74 pages)
=336  \\$atext$2rdacontent
=337  \\$acomputer$2rdamedia
=338  \\$aonline resource$2rdacarrier
=588  \\$aDescription based on online resource; title from PDF cover page (viewed on June 27, 2013).
=650  \0$aEducation, Higher$zEngland$xFinance$vCongresses.
=650  \0$aEducation, Higher$zEngland$xAdministration$vCongresses.
=650  \0$aEducational fund raising$zEngland$vCongresses.
=650  \0$aShared services (Management)
=650  \0$aUniversities and colleges$xCharitable contributions$zEngland$vCongresses.
=710  2\$aWestminster Higher Education Forum,$epublisher,$ehost institution.
=856  4\$uhttp://www.westminsterforumprojects.co.uk/$zPublisher's Web site
=859  \\$aELD$bebook
=852  41$aBritish Library$bHMNTS$jELD Digital store
=CAT  \\$a12664$b40$c20130613$lBLL01$h0949
=CAT  \\$a8141$b40$c20130627$lBLL01$h0759
=CAT  \\$aWR14.047$c20140417$lBLL01$h1646
=CAT  \\$aW1611-0868$c20161114$lBLL01$h1414
=CAT  \\$aW1711-1225$c20171203$lBLL01$h1053
=FIN  \\$aY$d20130627
=STA  \\$aSUPPRESSED$bunable to determine reason for suppression
=LAS  \\$aW1711-1225$b00$c20171203$lBLL01$h1053

