=LDR  01972 am a2200469 i 4500
=001  016430805
=003  Uk
=005  20130702083231.0
=006  m\\\\||\\d\|\\\\\\
=007  cr\|||||||||||
=008  130613s2013\\\\enk\\\\\o\\\\\100\0|eng\\
=FMT  \\$a  BK
=015  \\$aGBB356718$2bnb
=040  \\$aUk$beng$cUk$erda
=042  \\$aukblsr
=082  04$a347.42077$223
=111  2\$aWestminster Legal Policy Forum Keynote Seminar: The Future of Civil Costs and Funding - Assessing the Impact of the Jackson Reforms$d(2013 :$cLondon, England)
=245  14$aThe future of civil costs and funding :$bassessing the impact of the Jackson reforms, 13th May 2013.
=264  \1$aBracknell, Berkshire :$bWestminster Legal Policy Forum,$c[2013?]
=300  \\$a1 online resource (66 pages)
=336  \\$atext$2rdacontent
=337  \\$acomputer$2rdamedia
=338  \\$aonline resource$2rdacarrier
=588  \\$aDescription based on online resource; title from PDF cover page (viewed on July 2, 2013).
=650  \0$aCosts (Law)$zEngland$vCongresses.
=650  \0$aCosts (Law)$zWales$vCongresses.
=650  \0$aCivil procedure$zEngland$xFinance$vCongresses.
=650  \0$aCivil procedure$zWales$xFinance$vCongresses.
=650  \0$aActions and defenses$zEngland$xCosts$vCongresses.
=650  \0$aActions and defenses$zWales$xCosts$vCongresses.
=710  2\$aWestminster Legal Policy Forum,$epublisher,$ehost institution.
=856  4\$uhttp://www.westminsterforumprojects.co.uk/$zPublisher's Web site
=859  \\$aELD$bebook
=852  41$aBritish Library$bHMNTS$jELD Digital store
=CAT  \\$a12664$b40$c20130613$lBLL01$h0952
=CAT  \\$a8141$b40$c20130702$lBLL01$h0832
=CAT  \\$aWR14.047$c20140417$lBLL01$h1646
=CAT  \\$aW1611-0868$c20161114$lBLL01$h1414
=CAT  \\$aW1711-1225$c20171203$lBLL01$h1053
=FIN  \\$aY$d20130702
=STA  \\$aSUPPRESSED$bunable to determine reason for suppression
=LAS  \\$aW1711-1225$b00$c20171203$lBLL01$h1053

