=LDR  01906 am a2200445 i 4500
=001  016430815
=003  Uk
=005  20130702123759.0
=006  m\\\\||\\d\|\\\\\\
=007  cr\|||||||||||
=008  130613s2013\\\\enk\\\\\ob\\\\100\0|eng\\
=FMT  \\$a  BK
=015  \\$aGBB356755$2bnb
=040  \\$aUk$beng$cUk$erda
=042  \\$aukblsr
=082  04$a362.10941$223
=111  2\$aWestminster Social Policy Forum Keynote Seminar: Tackling Health Inequalities: Innovation, Coordination and the Changing Role of Local Government$d(2013 :$cLondon, England)
=245  10$aTackling health inequalities :$binnovation, coordination and the changing role of local government, 30th April 2013.
=264  \1$aBracknell, Berkshire :$bWestminster Social Policy Forum,$c[2013?]
=300  \\$a1 online resource (77 pages)
=336  \\$atext$2rdacontent
=337  \\$acomputer$2rdamedia
=338  \\$aonline resource$2rdacarrier
=504  \\$aIncludes bibliographical references.
=588  \\$aDescription based on online resource; title from PDF cover page (viewed on July 2, 2013).
=650  \0$aPublic health$zGreat Britain$vCongresses.
=650  \0$aHealth services accessibility$zGreat Britain$vCongresses.
=650  \0$aEquality$xHealth aspects$zGreat Britain$vCongresses.
=710  2\$aWestminster Social Policy Forum,$epublisher,$ehost institution.
=856  4\$uhttp://www.westminsterforumprojects.co.uk/$zPublisher's Web site
=859  \\$aELD$bebook
=852  41$aBritish Library$bHMNTS$jELD Digital store
=CAT  \\$a12664$b40$c20130613$lBLL01$h0958
=CAT  \\$a8141$b40$c20130702$lBLL01$h1237
=CAT  \\$aWR14.047$c20140417$lBLL01$h1646
=CAT  \\$aW1611-0868$c20161114$lBLL01$h1414
=CAT  \\$aW1711-1225$c20171203$lBLL01$h1053
=FIN  \\$aY$d20130702
=STA  \\$aSUPPRESSED$bunable to determine reason for suppression
=LAS  \\$aW1711-1225$b00$c20171203$lBLL01$h1053

