=LDR  01824 am a2200457 i 4500
=001  016430854
=003  Uk
=005  20130703080039.0
=006  m\\\\||\\d\|\\\\\\
=007  cr\|||||||||||
=008  130613s2013\\\\enk\\\\\o\\\\\100\0|eng\\
=FMT  \\$a  BK
=015  \\$aGBB356507$2bnb
=040  \\$aUk$beng$cUk$erda
=042  \\$aukblsr
=082  04$a379.15809429$223
=111  2\$aPolicy Forum for Wales Keynote Seminar: Implementing Improved Educational and School Standards in Wales$d(2013 :$cCardiff, Wales)
=245  10$aImplementing improved educational and school standards in Wales, 24th April 2013.
=264  \1$aBracknell, Berkshire :$bPolicy Forum for Wales,$c[2013?]
=300  \\$a1 online resource (82 pages)
=336  \\$atext$2rdacontent
=337  \\$acomputer$2rdamedia
=338  \\$aonline resource$2rdacarrier
=588  \\$aDescription based on online resource; title from PDF cover page (viewed on July 1, 2013).
=650  \0$aSchool improvement programs$zWales$vCongresses.
=650  \0$aEducation and state$zWales$vCongresses.
=710  2\$aPolicy Forum for Wales,$epublisher,$ehost institution.
=856  4\$uhttp://www.westminsterforumprojects.co.uk/$zPublisher's Web site
=859  \\$aELD$bebook
=852  41$aBritish Library$bHMNTS$jELD Digital store
=CAT  \\$a12664$b40$c20130613$lBLL01$h1036
=CAT  \\$a12664$b40$c20130613$lBLL01$h1038
=CAT  \\$a8141$b40$c20130701$lBLL01$h0821
=CAT  \\$a8141$b40$c20130701$lBLL01$h0831
=CAT  \\$a7332$b40$c20130703$lBLL01$h0800
=CAT  \\$aWR14.047$c20140417$lBLL01$h1646
=CAT  \\$aW1611-0868$c20161114$lBLL01$h1414
=CAT  \\$aW1711-1225$c20171203$lBLL01$h1053
=FIN  \\$aY$d20130701
=STA  \\$aSUPPRESSED$bunable to determine reason for suppression
=LAS  \\$aW1711-1225$b00$c20171203$lBLL01$h1053

