=LDR  02218 am a2200493 i 4500
=001  016430861
=003  Uk
=005  20130701144445.0
=006  m\\\\||\\d\|\\\\\\
=007  cr\|||||||||||
=008  130613s2013\\\\enk\\\\\o\\\\\100\0|eng\\
=FMT  \\$a  BK
=015  \\$aGBB356549$2bnb
=040  \\$aUk$beng$cUk$erda
=042  \\$aukblsr
=082  04$a333.79170941$223
=111  2\$aWestminster Energy, Environment & Transport Forum Keynote Seminar: Smart Metering in the UK - Consumer Engagement, Privacy and Moving Towards the 'Mass Rollout'$d(2013 :$cLondon, England)
=245  10$aSmart metering in the UK :$bconsumer engagement, privacy and moving towards the 'mass rollout', 23rd April 2013.
=264  \1$aBracknell, Berkshire :$bWestminster Energy, Environment & Transport Forum,$c[2013?]
=300  \\$a1 online resource (82 pages)
=336  \\$atext$2rdacontent
=337  \\$acomputer$2rdamedia
=338  \\$aonline resource$2rdacarrier
=588  \\$aDescription based on online resource; title from PDF cover page (viewed on July 1, 2013).
=650  \0$aEnergy consumption$zGreat Britain$xMeasurement$vCongresses.
=650  \0$aEnergy conservation$zGreat Britain$xCitizen participation$vCongresses.
=650  \0$aElectric meters$xTechnological innovations$zGreat Britain$vCongresses.
=650  \0$aData protection$zGreat Britain$vCongresses.
=710  2\$aWestminster Energy, Environment & Transport Forum,$epublisher,$ehost institution.
=856  4\$uhttp://www.westminsterforumprojects.co.uk/$zPublisher's Web site
=859  \\$aELD$bebook
=852  41$aBritish Library$bHMNTS$jELD Digital store
=CAT  \\$a12664$b40$c20130613$lBLL01$h1044
=CAT  \\$a8141$b40$c20130701$lBLL01$h1429
=CAT  \\$a8141$b40$c20130701$lBLL01$h1430
=CAT  \\$a8141$b40$c20130701$lBLL01$h1444
=CAT  \\$aBATCH-UPD$b40$c20130703$lBLL01$h1027
=CAT  \\$aWR14.047$c20140417$lBLL01$h1646
=CAT  \\$aW1611-0868$c20161114$lBLL01$h1414
=CAT  \\$aBATCH-UPD$b00$c20161114$lBLL01$h1415
=CAT  \\$aW1711-1225$c20171203$lBLL01$h1053
=FIN  \\$aY$d20130701
=STA  \\$aSUPPRESSED$bunable to determine reason for suppression
=LAS  \\$aW1711-1225$b00$c20171203$lBLL01$h1053

