=LDR  01967 am a2200469 i 4500
=001  016430863
=003  Uk
=005  20130626093142.0
=006  m\\\\||\\d\|\\\\\\
=007  cr\|||||||||||
=008  130613s2013\\\\enk\\\\\ob\\\\100\0|eng\\
=FMT  \\$a  BK
=015  \\$aGBB356263$2bnb
=040  \\$aUk$beng$cUk$erda
=042  \\$aukblsr
=082  04$a332.7420941$223
=111  2\$aWestminster Business Forum Keynote Seminar: Business Lending and Access to Finance - Next Steps for Government's Strategy$d(2013 :$cLondon, England)
=245  10$aBusiness lending and access to finance - next steps for Government's strategy, 25th April 2013.
=264  \1$aBracknell, Berkshire :$bWestminster Business Forum,$c[2013?]
=300  \\$a1 online resource (72 pages)
=336  \\$atext$2rdacontent
=337  \\$acomputer$2rdamedia
=338  \\$aonline resource$2rdacarrier
=504  \\$aIncludes bibliographical references.
=588  \\$aDescription based on online resource; title from PDF cover page (viewed on June 26, 2013).
=650  \0$aCommercial loans$zGreat Britain$vCongresses.
=650  \0$aSmall business$zGreat Britain$xFinance$vCongresses.
=650  \0$aGovernment aid to small business$zGreat Britain$vCongresses.
=710  2\$aWestminster Business Forum,$epublisher,$ehost institution.
=856  4\$uhttp://www.westminsterforumprojects.co.uk/$zPublisher's Web site
=859  \\$aELD$bebook
=852  41$aBritish Library$bHMNTS$jELD Digital store
=CAT  \\$a12664$b40$c20130613$lBLL01$h1046
=CAT  \\$a8141$b40$c20130626$lBLL01$h0931
=CAT  \\$aBATCH-UPD$b40$c20130627$lBLL01$h0816
=CAT  \\$aWR14.047$c20140417$lBLL01$h1646
=CAT  \\$aW1611-0868$c20161114$lBLL01$h1414
=CAT  \\$aBATCH-UPD$b00$c20161114$lBLL01$h1415
=CAT  \\$aW1711-1225$c20171203$lBLL01$h1053
=FIN  \\$aY$d20130626
=STA  \\$aSUPPRESSED$bunable to determine reason for suppression
=LAS  \\$aW1711-1225$b00$c20171203$lBLL01$h1053

