=LDR  02056 am a2200469 i 4500
=001  016430866
=003  Uk
=005  20130626105819.0
=006  m\\\\||\\d\|\\\\\\
=007  cr\|||||||||||
=008  130613s2013\\\\enk\\\\\ob\\\\100\0|eng\\
=FMT  \\$a  BK
=015  \\$aGBB356271$2bnb
=040  \\$aUk$beng$cUk$erda
=042  \\$aukblsr
=082  04$a362.19610942$223
=111  2\$aWestminster Health Forum Keynote Seminar: Cardiovascular Diseases: Commissioning, Innovation, Patient Experience and Outcomes$d(2013 :$cLondon, England)
=245  10$aCardiovascular diseases :$bcommissioning, innovation, patient experience and outcomes, 23rd April 2013.
=264  \1$aBracknell, Berkshire :$bWestminster Health Forum,$c[2013?]
=300  \\$a1 online resource (73 pages)
=336  \\$atext$2rdacontent
=337  \\$acomputer$2rdamedia
=338  \\$aonline resource$2rdacarrier
=504  \\$aIncludes bibliographical references.
=588  \\$aDescription based on online resource; title from PDF cover page (viewed on June 26, 2013).
=650  \0$aCardiovascular system$xDiseases$xPatients$xMedical care$zEngland$vCongresses.
=650  \0$aCardiovascular system$xDiseases$xTreatment$zEngland$vCongresses.
=650  \0$aCardiovascular system$xDiseases$xPatients$xServices for$zEngland$vCongresses.
=650  \0$aHealth services administration$zEngland$vCongresses.
=710  2\$aWestminster Diet & Health Forum,$epublisher,$ehost institution.
=856  4\$uhttp://www.westminsterforumprojects.co.uk/$zPublisher's Web site
=859  \\$aELD$bebook
=852  41$aBritish Library$bHMNTS$jELD Digital store
=CAT  \\$a12664$b40$c20130613$lBLL01$h1047
=CAT  \\$a12664$b40$c20130613$lBLL01$h1049
=CAT  \\$a8141$b40$c20130626$lBLL01$h1058
=CAT  \\$aWR14.047$c20140417$lBLL01$h1646
=CAT  \\$aW1611-0868$c20161114$lBLL01$h1414
=CAT  \\$aW1711-1225$c20171203$lBLL01$h1053
=FIN  \\$aY$d20130626
=STA  \\$aSUPPRESSED$bunable to determine reason for suppression
=LAS  \\$aW1711-1225$b00$c20171203$lBLL01$h1053

