=LDR  01648 am a2200409 i 4500
=001  016430879
=003  Uk
=005  20130702105853.0
=006  m\\\\||\\d\|\\\\\\
=007  cr\|||||||||||
=008  130613s2013\\\\enk\\\\\o\\\\\100\0|eng\\
=FMT  \\$a  BK
=015  \\$aGBB356742$2bnb
=040  \\$aUk$beng$cUk$erda
=042  \\$aukblsr
=082  04$a344.4101$223
=111  2\$aWestminster Employment Forum Keynote Seminar: The Employment Law Review - Impact of Reform and Next Steps for Policy$d(2013 :$cLondon, England)
=245  14$aThe Employment Law Review :$bimpact of reform and next steps for policy, 16th April 2013.
=264  \1$aBracknell, Berkshire :$bWestminster Employment Forum,$c[2013?]
=300  \\$a1 online resource (74 pages)
=336  \\$atext$2rdacontent
=337  \\$acomputer$2rdamedia
=338  \\$aonline resource$2rdacarrier
=588  \\$aDescription based on online resource; title from PDF cover page (viewed on July 2, 2013).
=650  \0$aEmployment law$zGreat Britain$vCongresses.
=710  2\$aWestminster Employment Forum,$epublisher,$ehost institution.
=856  4\$uhttp://www.westminsterforumprojects.co.uk/$zPublisher's Web site
=859  \\$aELD$bebook
=852  41$aBritish Library$bHMNTS$jELD Digital store
=CAT  \\$a12664$b40$c20130613$lBLL01$h1055
=CAT  \\$a8141$b40$c20130702$lBLL01$h1058
=CAT  \\$aWR14.047$c20140417$lBLL01$h1646
=CAT  \\$aW1611-0868$c20161114$lBLL01$h1414
=CAT  \\$aW1711-1225$c20171203$lBLL01$h1053
=FIN  \\$aY$d20130702
=STA  \\$aSUPPRESSED$bunable to determine reason for suppression
=LAS  \\$aW1711-1225$b00$c20171203$lBLL01$h1053

