=LDR  01940 am a2200517 i 4500
=001  016445129
=003  Uk
=005  20130815082606.0
=006  m\\\\||\\d\|\\\\\\
=007  cr\|||||||||||
=008  130704s2013\\\\enka\\\\ob\\\|0|0\0|eng\\
=FMT  \\$a  BK
=015  \\$aGBB372763$2bnb
=040  \\$aUk$beng$cUk$erda
=042  \\$aukblsr
=082  04$a664.907$223
=110  1\$aGreat Britain.$bFood Analysis Performance Assessment Scheme,$eauthor.
=245  10$aSulphur dioxide in meat.$pMay-June 2013 /$cprepared and authorised on behalf of FAPAS by Simon Hunter (Round Coordinator).
=264  \1$aSand Hutton, York :$bFAPAS,$c[2013]
=300  \\$a1 online resource (17 pages) :$b1 illustration (black and white).
=336  \\$atext$2rdacontent
=337  \\$acomputer$2rdamedia
=338  \\$aonline resource$2rdacarrier
=490  0\$aFAPAS report ;$v20100
=504  \\$aIncludes bibliographical references.
=588  \\$aDescription based on online resource; title from PDF cover page (viewed on August 15, 2013).
=650  \0$aMeat$xTesting.
=650  \0$aMeat$xAnalysis.
=650  \0$aSulfur dioxide$xAnalysis.
=650  \0$aFood$xQuality.
=650  \0$aChemical laboratories$xQuality control.
=700  1\$aHunter, Simon,$d1975-$eauthor.
=856  4\$uhttp://www.fapas.com/$zCustomer login required
=859  \\$aELD$bebook
=852  41$aBritish Library$bHMNTS$jELD Digital store
=CAT  \\$a11384$b40$c20130704$lBLL01$h0911
=CAT  \\$a11384$b40$c20130704$lBLL01$h1223
=CAT  \\$a8141$b40$c20130815$lBLL01$h0754
=CAT  \\$a8141$b40$c20130815$lBLL01$h0805
=CAT  \\$a8141$b40$c20130815$lBLL01$h0826
=CAT  \\$aWR14.047$c20140417$lBLL01$h1646
=CAT  \\$aW1611-0868$c20161114$lBLL01$h1414
=CAT  \\$aW1711-1225$c20171203$lBLL01$h1053
=FIN  \\$aY$d20130815
=STA  \\$aSUPPRESSED$bunable to determine reason for suppression
=LAS  \\$aW1711-1225$b00$c20171203$lBLL01$h1053

