=LDR  01980 am a2200541 i 4500
=001  016445236
=003  Uk
=005  20130815112610.0
=006  m\\\\||\\d\|\\\\\\
=007  cr\|||||||||||
=008  130704s2013\\\\enka\\\\ob\\\|0|0\0|eng\\
=FMT  \\$a  BK
=015  \\$aGBB372793$2bnb
=040  \\$aUk$beng$cUk$erda
=042  \\$aukblsr
=082  04$a636.0855$223
=110  1\$aGreat Britain.$bFood Analysis Performance Assessment Scheme,$eauthor.
=245  10$aAnimal feed (Premix).$pApril-June 2013 /$cprepared and authorised on behalf of FAPAS by Laura Prenton (Round Coordinator).
=264  \1$aSand Hutton, York :$bFAPAS,$c[2013]
=300  \\$a1 online resource (27 pages) :$billustrations (black and white).
=336  \\$atext$2rdacontent
=337  \\$acomputer$2rdamedia
=338  \\$aonline resource$2rdacarrier
=490  0\$aFAPAS report ;$v10107
=504  \\$aIncludes bibliographical references.
=588  \\$aDescription based on online resource; title from PDF cover page (viewed on August 15, 2013).
=650  \0$aFeeds$xTesting.
=650  \0$aFeeds$xAnalysis.
=650  \0$aCalcium$xAnalysis.
=650  \0$aMagnesium$xAnalysis.
=650  \0$aManganese$xAnalysis.
=650  \0$aPhosphorus$xAnalysis.
=650  \0$aSodium$xAnalysis.
=650  \0$aZinc$xAnalysis.
=650  \0$aChemical laboratories$xQuality control.
=700  1\$aPrenton, Laura,$eauthor.
=856  4\$uhttp://www.fapas.com/$zCustomer login required
=859  \\$aELD$bebook
=852  41$aBritish Library$bHMNTS$jELD Digital store
=CAT  \\$a11384$b40$c20130704$lBLL01$h1140
=CAT  \\$a11384$b40$c20130704$lBLL01$h1220
=CAT  \\$a8141$b40$c20130815$lBLL01$h1126
=CAT  \\$aWR14.047$c20140417$lBLL01$h1646
=CAT  \\$aW1611-0868$c20161114$lBLL01$h1414
=CAT  \\$aW1711-1225$c20171203$lBLL01$h1053
=FIN  \\$aY$d20130815
=STA  \\$aSUPPRESSED$bunable to determine reason for suppression
=LAS  \\$aW1711-1225$b00$c20171203$lBLL01$h1053

