=LDR  01997 am a2200541 i 4500
=001  016445329
=003  Uk
=005  20130816084646.0
=006  m\\\\||\\d\|\\\\\\
=007  cr\|||||||||||
=008  130704s2013\\\\enka\\\\ob\\\|0|0\0|eng\\
=FMT  \\$a  BK
=015  \\$aGBB372850$2bnb
=040  \\$aUk$beng$cUk$erda
=042  \\$aukblsr
=082  04$a664.07$223
=110  1\$aGreat Britain.$bFood Analysis Performance Assessment Scheme,$eauthor.
=245  10$aPork & equine in beef and processed food.$pApril-May 2013 /$cprepared and authorised on behalf of FAPAS by Dominic Anderson (Round Coordinator).
=264  \1$aSand Hutton, York :$bFAPAS,$c[2013]
=300  \\$a1 online resource (41 pages).
=336  \\$atext$2rdacontent
=337  \\$acomputer$2rdamedia
=338  \\$aonline resource$2rdacarrier
=490  0\$aFAPAS report ;$v2956
=504  \\$aIncludes bibliographical references.
=588  \\$aDescription based on online resource; title from PDF cover page (viewed on August 16, 2013).
=650  \0$aBeef$xTesting.
=650  \0$aBeef$xAnalysis.
=650  \0$aProcessed foods$xTesting.
=650  \0$aProcessed foods$xAnalysis.
=650  \0$aPork$xAnalysis.
=650  \0$aHorsemeat$xAnalysis.
=650  \0$aFood$xAnalysis$xQuality control.
=650  \0$aFood contamination$xTesting.
=650  \0$aMeat$xContamination$xTesting.
=650  \0$aChemical laboratories$xQuality control.
=700  1\$aAnderson, Dominic,$eauthor.
=856  4\$uhttp://www.fapas.com/$zCustomer login required
=859  \\$aELD$bebook
=852  41$aBritish Library$bHMNTS$jELD Digital store
=CAT  \\$a11384$b40$c20130704$lBLL01$h1444
=CAT  \\$a8141$b40$c20130816$lBLL01$h0846
=CAT  \\$aWR14.047$c20140417$lBLL01$h1646
=CAT  \\$aW1611-0868$c20161114$lBLL01$h1414
=CAT  \\$aW1711-1225$c20171203$lBLL01$h1053
=FIN  \\$aY$d20130816
=STA  \\$aSUPPRESSED$bunable to determine reason for suppression
=LAS  \\$aW1711-1225$b00$c20171203$lBLL01$h1053

