=LDR  01793 am a2200469 i 4500
=001  016445401
=003  Uk
=005  20130816074912.0
=006  m\\\\||\\d\|\\\\\\
=007  cr\|||||||||||
=008  130704s2013\\\\enka\\\\ob\\\|0|0\0|eng\\
=FMT  \\$a  BK
=015  \\$aGBB372843$2bnb
=040  \\$aUk$beng$cUk$erda
=042  \\$aukblsr
=082  04$a664.6$223
=110  1\$aGreat Britain.$bFood Analysis Performance Assessment Scheme,$eauthor.
=245  10$aNutritional components in snack food.$pApril-May 2013 /$cprepared and authorised on behalf of FAPAS by Michael Knaggs (Round Coordinator).
=264  \1$aSand Hutton, York :$bFAPAS,$c[2013]
=300  \\$a1 online resource (27 pages) :$billustrations (black and white).
=336  \\$atext$2rdacontent
=337  \\$acomputer$2rdamedia
=338  \\$aonline resource$2rdacarrier
=490  0\$aFAPAS report ;$v25108
=504  \\$aIncludes bibliographical references.
=588  \\$aDescription based on online resource; title from PDF cover page (viewed on August 16, 2013).
=650  \0$aSnack foods$xTesting.
=650  \0$aSnack foods$xAnalysis.
=650  \0$aFood$xAnalysis$xQuality control.
=650  \0$aChemical laboratories$xQuality control.
=700  1\$aKnaggs, Michael,$eauthor.
=856  4\$uhttp://www.fapas.com/$zCustomer login required
=859  \\$aELD$bebook
=852  41$aBritish Library$bHMNTS$jELD Digital store
=CAT  \\$a11384$b40$c20130704$lBLL01$h1628
=CAT  \\$a8141$b40$c20130816$lBLL01$h0749
=CAT  \\$aWR14.047$c20140417$lBLL01$h1646
=CAT  \\$aW1611-0868$c20161114$lBLL01$h1414
=CAT  \\$aW1711-1225$c20171203$lBLL01$h1053
=FIN  \\$aY$d20130816
=STA  \\$aSUPPRESSED$bunable to determine reason for suppression
=LAS  \\$aW1711-1225$b00$c20171203$lBLL01$h1053

