=LDR  02803 am a2200577 i 4500
=001  016454838
=003  Uk
=005  20130805075629.0
=006  m\\\\||\\d\|\\\\\\
=007  cr\|||||||||||
=008  130717s2013\\\\enk\\\\\ob\\\\100\0|eng\\
=FMT  \\$a  BK
=015  \\$aGBB368423$2bnb
=040  \\$aUk$beng$cUk$erda
=042  \\$aukblsr
=082  04$a371.90941$223
=111  2\$aWestminster Education Forum Keynote Seminar: Special Educational Needs and Disabilities - Education, Care and Health Plans, Personal Budgets and Support Post-16$d(2013 :$cLondon, England)
=245  10$aSpecial educational needs and disabilities :$beducation, care and health plans, personal budgets and support post-16, 4th July 2013.
=264  \1$aLondon :$bWestminster Education Forum,$c[2013?]
=300  \\$a1 online resource (84 pages)
=336  \\$atext$2rdacontent
=337  \\$acomputer$2rdamedia
=338  \\$aonline resource$2rdacarrier
=504  \\$aIncludes bibliographical references.
=588  \\$aDescription based on online resource; title from PDF cover page (viewed on August 2, 2013).
=650  \0$aLearning disabled children$xEducation$zGreat Britain$vCongresses.
=650  \0$aChildren with disabilities$xEducation$zGreat Britain$vCongresses.
=650  \0$aLearning disabled$xEducation (Higher)$zGreat Britain$vCongresses.
=650  \0$aTeenagers with disabilities$xEducation (Higher)$zGreat Britain$vCongresses.
=650  \0$aLearning disabled children$xCare$zGreat Britain$vCongresses.
=650  \0$aChildren with disabilities$xCare$zGreat Britain$vCongresses.
=650  \0$aLearning disabled$xCare$zGreat Britain$vCongresses.
=650  \0$aTeenagers with disabilities$xCare$zGreat Britain$vCongresses.
=650  \0$aLearning disabled children$xServices for$zGreat Britain$vCongresses.
=650  \0$aChildren with disabilities$xServices for$zGreat Britain$vCongresses.
=650  \0$aLearning disabled$xServices for$zGreat Britain$vCongresses.
=650  \0$aTeenagers with disabilities$xServices for$zGreat Britain$vCongresses.
=650  \0$aSpecial education$xGovernment policy$zGreat Britain.
=710  2\$aWestminster Education Forum,$epublisher,$ehost institution.
=856  4\$uhttp://www.westminsterforumprojects.co.uk/$zPublisher's Web site
=859  \\$aELD$bebook
=852  41$aBritish Library$bHMNTS$jELD Digital store
=CAT  \\$a12664$b40$c20130717$lBLL01$h1207
=CAT  \\$a8141$b40$c20130802$lBLL01$h1228
=CAT  \\$a8141$b40$c20130805$lBLL01$h0756
=CAT  \\$aWR14.047$c20140417$lBLL01$h1646
=CAT  \\$aW1611-0868$c20161114$lBLL01$h1414
=CAT  \\$aW1711-1225$c20171203$lBLL01$h1053
=FIN  \\$aY$d20130802
=STA  \\$aSUPPRESSED$bunable to determine reason for suppression
=LAS  \\$aW1711-1225$b00$c20171203$lBLL01$h1053

