=LDR  01910 am a2200445 i 4500
=001  016454845
=003  Uk
=005  20130805082925.0
=006  m\\\\||\\d\|\\\\\\
=007  cr\|||||||||||
=008  130717s2013\\\\enk\\\\\o\\\\\100\0|eng\\
=FMT  \\$a  BK
=015  \\$aGBB368477$2bnb
=040  \\$aUk$beng$cUk$erda
=042  \\$aukblsr
=082  04$a363.1920941$223
=111  2\$aWestminster Food & Nutrition Forum Keynote Seminar: Future Food Labelling Policy - Challenges For Industry, Consumer Attitudes and Public Health$d(2013 :$cLondon, England)
=245  10$aFuture food labelling policy :$bchallenges for industry, consumer attitudes and public health, 2nd July 2013.
=264  \1$aBracknell :$bWestminster Food & Nutrition Forum,$c[2013?]
=300  \\$a1 online resource (78 pages)
=336  \\$atext$2rdacontent
=337  \\$acomputer$2rdamedia
=338  \\$aonline resource$2rdacarrier
=588  \\$aDescription based on online resource; title from PDF cover page (viewed on August 5, 2013).
=650  \0$aFood$xLabeling$xGovernment policy$zGreat Britain$vCongresses.
=650  \0$aNutrition policy$zGreat Britain$vCongresses.
=650  \0$aPublic health$zGreat Britain$vCongresses.
=650  \0$aFood industry and trade$zGreat Britain$vCongresses.
=710  2\$aWestminster Food & Nutrition Forum,$epublisher,$ehost institution.
=856  4\$uhttp://www.westminsterforumprojects.co.uk/$zPublisher's Web site
=859  \\$aELD$bebook
=852  41$aBritish Library$bHMNTS$jELD Digital store
=CAT  \\$a12664$b40$c20130717$lBLL01$h1211
=CAT  \\$a8141$b40$c20130805$lBLL01$h0829
=CAT  \\$aWR14.047$c20140417$lBLL01$h1646
=CAT  \\$aW1611-0868$c20161114$lBLL01$h1414
=CAT  \\$aW1711-1225$c20171203$lBLL01$h1053
=FIN  \\$aY$d20130805
=STA  \\$aSUPPRESSED$bunable to determine reason for suppression
=LAS  \\$aW1711-1225$b00$c20171203$lBLL01$h1053

