=LDR  01752 am a2200433 i 4500
=001  016456330
=003  Uk
=005  20130806081354.0
=006  m\\\\||\\d\|\\\\\\
=007  cr\|||||||||||
=008  130722s2013\\\\enk\\\\\ob\\\\100\0|eng\\
=FMT  \\$a  BK
=015  \\$aGBB368691$2bnb
=040  \\$aUk$beng$cUk$erda
=042  \\$aukblsr
=082  04$a362.10687$223
=111  2\$aWestminster Health Forum Keynote Seminar: NHS Procurement: Innovation, Competition and Reducing Costs$d(2013 :$cLondon, England)
=245  10$aNHS procurement :$binnovation, competition and reducing costs, 11th July 2013.
=264  \1$aBracknell :$bWestminster Health Forum,$c[2013?]
=300  \\$a1 online resource (71 pages)
=336  \\$atext$2rdacontent
=337  \\$acomputer$2rdamedia
=338  \\$aonline resource$2rdacarrier
=504  \\$aIncludes bibliographical references.
=588  \\$aDescription based on online resource; title from PDF cover page (viewed on August 6, 2013).
=650  \0$aNational health services$xPurchasing$zGreat Britain$vCongresses.
=650  \0$aHospital purchasing$zGreat Britain$vCongresses.
=710  2\$aWestminster Diet & Health Forum,$epublisher,$ehost institution.
=856  4\$uhttp://www.westminsterforumprojects.co.uk/$zPublisher's Web site
=859  \\$aELD$bebook
=852  41$aBritish Library$bHMNTS$jELD Digital store
=CAT  \\$a12664$b40$c20130722$lBLL01$h1455
=CAT  \\$a8141$b40$c20130806$lBLL01$h0813
=CAT  \\$aWR14.047$c20140417$lBLL01$h1646
=CAT  \\$aW1611-0868$c20161114$lBLL01$h1414
=CAT  \\$aW1711-1225$c20171203$lBLL01$h1053
=FIN  \\$aY$d20130806
=STA  \\$aSUPPRESSED$bunable to determine reason for suppression
=LAS  \\$aW1711-1225$b00$c20171203$lBLL01$h1053

