=LDR  02107 am a2200481 i 4500
=001  016456371
=003  Uk
=005  20130807125128.0
=006  m\\\\||\\d\|\\\\\\
=007  cr\|||||||||||
=008  130722s2013\\\\enk\\\\\o\\\\\100\0|eng\\
=FMT  \\$a  BK
=015  \\$aGBB370381$2bnb
=040  \\$aUk$beng$cUk$erda
=042  \\$aukblsr
=082  04$a362.708350942$223
=111  2\$aWestminster Education Forum Keynote Seminar: Services For Young People - the Future of Youth Activities, Expanding the National Citizen Service and Involving Young People In Decision-Making$d(2013 :$cLondon, England)
=245  10$aServices for young people :$bthe future of youth activities, expanding the National Citizen Service and involving young people in decision-making, 18th June 2013.
=264  \1$aBracknell :$bWestminster Education Forum,$c[2013?]
=300  \\$a1 online resource (81 pages)
=336  \\$atext$2rdacontent
=337  \\$acomputer$2rdamedia
=338  \\$aonline resource$2rdacarrier
=588  \\$aDescription based on online resource; title from PDF cover page (viewed on August 7, 2013).
=610  24$aNational Citizen Service$vCongresses.
=610  24$amyplace (Programme)$vCongresses.
=650  \0$aTeenagers$xServices for$zEngland$vCongresses.
=650  \0$aTeenagers$zEngland$xPolitical activity$vCongresses.
=710  2\$aWestminster Education Forum,$epublisher,$ehost institution.
=856  4\$uhttp://www.westminsterforumprojects.co.uk/$zPublisher's Web site
=859  \\$aELD$bebook
=852  41$aBritish Library$bHMNTS$jELD Digital store
=985  \\$a610s & 111 = new headings.
=CAT  \\$a12664$b40$c20130722$lBLL01$h1540
=CAT  \\$a12664$b40$c20130722$lBLL01$h1624
=CAT  \\$a8141$b40$c20130807$lBLL01$h1251
=CAT  \\$aBATCH-UPD$b40$c20131106$lBLL01$h1037
=CAT  \\$aWR14.047$c20140417$lBLL01$h1646
=CAT  \\$aW1611-0868$c20161114$lBLL01$h1414
=CAT  \\$aW1711-1225$c20171203$lBLL01$h1053
=FIN  \\$aY$d20130807
=STA  \\$aSUPPRESSED$bunable to determine reason for suppression
=LAS  \\$aW1711-1225$b00$c20171203$lBLL01$h1053

