=LDR  01166 am a22003133i 4500
=001  016456382
=003  Uk
=005  20131015143248.0
=006  m\\\\||\\d\|\\\\\\
=007  cr\|||||||||||
=008  130722s2013\\\\enk\\\\\o\\\\\100\0|eng\\
=FMT  \\$a  BK
=245  \0$aHealth records, innovation and implementing the Information Strategy :$bbringing the 'technology revolution' to the NHS.
=264  \1$aLondon :$bWestminster Forum Projects,$c2013.
=336  \\$atext$2rdacontent
=337  \\$acomputer$2rdamedia
=338  \\$aonline resource$2rdacarrier
=490  0\$aWestminster Health Forum Keynote Seminar
=856  4\$uhttp://www.westminsterforumprojects.co.uk/$zPublisher's Web site
=859  \\$aELD$bebook
=852  41$aBritish Library$bHMNTS$jELD Digital store
=985  \\$aPassword: wfp3547
=CAT  \\$a12664$b40$c20130722$lBLL01$h1553
=CAT  \\$a12664$b40$c20131015$lBLL01$h1432
=CAT  \\$aWR14.047$c20140417$lBLL01$h1646
=CAT  \\$aW1611-0868$c20161114$lBLL01$h1414
=CAT  \\$aW1711-1225$c20171203$lBLL01$h1053
=STA  \\$aSUPPRESSED$bunable to determine reason for suppression
=LAS  \\$aW1711-1225$b00$c20171203$lBLL01$h1053

