=LDR  01966 am a2200445 i 4500
=001  016456387
=003  Uk
=005  20130807082413.0
=006  m\\\\||\\d\|\\\\\\
=007  cr\|||||||||||
=008  130722s2013\\\\enk\\\\\ob\\\\100\0|eng\\
=FMT  \\$a  BK
=015  \\$aGBB370338$2bnb
=040  \\$aUk$beng$cUk$erda
=042  \\$aukblsr
=082  04$a338.476292220941$223
=111  2\$aWestminster Energy, Environment & Transport Forum Keynote Seminar: The UK Automotive Industry: Investment, Manufacture and the Future of Clean Fuel$d(2013 :$cLondon, England)
=245  14$aThe UK automotive industry :$binvestment, manufacture and the future of clean fuel, 27th June 2013.
=264  \1$aBracknell :$bWestminster Energy, Environment & Transport Forum,$c[2013?]
=300  \\$a1 online resource (70 pages)
=336  \\$atext$2rdacontent
=337  \\$acomputer$2rdamedia
=338  \\$aonline resource$2rdacarrier
=504  \\$aIncludes bibliographical references.
=588  \\$aDescription based on online resource; title from PDF cover page (viewed on August 7, 2013).
=650  \0$aAutomobile industry and trade$zGreat Britain$vCongresses.
=650  \0$aAutomobile industry and trade$xTechnological innovations$vCongresses.
=650  \0$aMotor vehicles$xEnvironmental aspects$zGreat Britain$vCongresses.
=710  2\$aWestminster Energy, Environment & Transport Forum,$epublisher,$ehost institution.
=856  4\$uhttp://www.westminsterforumprojects.co.uk/$zPublisher's Web site
=859  \\$aELD$bebook
=852  41$aBritish Library$bHMNTS$jELD Digital store
=CAT  \\$a12664$b40$c20130722$lBLL01$h1612
=CAT  \\$a8141$b40$c20130807$lBLL01$h0824
=CAT  \\$aWR14.047$c20140417$lBLL01$h1646
=CAT  \\$aW1611-0868$c20161114$lBLL01$h1414
=CAT  \\$aW1711-1225$c20171203$lBLL01$h1053
=FIN  \\$aY$d20130807
=STA  \\$aSUPPRESSED$bunable to determine reason for suppression
=LAS  \\$aW1711-1225$b00$c20171203$lBLL01$h1053

