=LDR  01926 am a2200445 i 4500
=001  016456388
=003  Uk
=005  20130807090811.0
=006  m\\\\||\\d\|\\\\\\
=007  cr\|||||||||||
=008  130722s2013\\\\enk\\\\\ob\\\\100\0|eng\\
=FMT  \\$a  BK
=015  \\$aGBB370345$2bnb
=040  \\$aUk$beng$cUk$erda
=042  \\$aukblsr
=082  04$a333.950941$223
=111  2\$aWestminster Energy, Environment & Transport Forum Keynote Seminar: Biodiversity and the Natural Environment: Valuation, Localism and Engaging Business$d(2013 :$cLondon, England)
=245  10$aBiodiversity and the natural environment :$bvaluation, localism and engaging business, 4th July 2013.
=264  \1$aBracknell :$bWestminster Energy, Environment & Transport Forum,$c[2013?]
=300  \\$a1 online resource (85 pages)
=336  \\$atext$2rdacontent
=337  \\$acomputer$2rdamedia
=338  \\$aonline resource$2rdacarrier
=504  \\$aIncludes bibliographical references.
=588  \\$aDescription based on online resource; title from PDF cover page (viewed on August 7, 2013).
=650  \0$aBiodiversity$xEconomic aspects$zGreat Britain$vCongresses.
=650  \0$aBiodiversity conservation$zGreat Britain$vCongresses.
=650  \0$aForest policy$zGreat Britain$vCongresses.
=710  2\$aWestminster Energy, Environment & Transport Forum,$epublisher,$ehost institution.
=856  4\$uhttp://www.westminsterforumprojects.co.uk/$zPublisher's Web site
=859  \\$aELD$bebook
=852  41$aBritish Library$bHMNTS$jELD Digital store
=CAT  \\$a12664$b40$c20130722$lBLL01$h1614
=CAT  \\$a8141$b40$c20130807$lBLL01$h0908
=CAT  \\$aWR14.047$c20140417$lBLL01$h1646
=CAT  \\$aW1611-0868$c20161114$lBLL01$h1414
=CAT  \\$aW1711-1225$c20171203$lBLL01$h1053
=FIN  \\$aY$d20130807
=STA  \\$aSUPPRESSED$bunable to determine reason for suppression
=LAS  \\$aW1711-1225$b00$c20171203$lBLL01$h1053

