=LDR  01806 am a2200457 i 4500
=001  016456391
=003  Uk
=005  20131030143249.0
=006  m\\\\||\\d\|\\\\\\
=007  cr\|||||||||||
=008  130722s2013\\\\enk\\\\\ob\\\\100\0|eng\\
=FMT  \\$a  BK
=015  \\$aGBB370353$2bnb
=040  \\$aUk$beng$cUk$erda
=042  \\$aukblsr
=082  04$a384.330830941$223
=111  2\$aWestminster eForum Keynote Seminar: Next Steps for Protecting Children Online$d(2013 :$cLondon, England)
=245  10$aNext steps for protecting children online, 14th June 2013.
=264  \1$aBracknell :$bWestminster eForum,$c[2013?]
=300  \\$a1 online resource (89 pages)
=336  \\$atext$2rdacontent
=337  \\$acomputer$2rdamedia
=338  \\$aonline resource$2rdacarrier
=504  \\$aIncludes bibliographical references.
=588  \\$aDescription based on online resource; title from PDF cover page (viewed on August 7, 2013).
=650  \0$aInternet and children$xGovernment policy$zGreat Britain$vCongresses.
=650  \0$aInternet and children$xSafety measures$vCongresses.
=650  \0$aInternet users$xProtection$vCongresses.
=710  2\$aWestminster eForum,$epublisher,$ehost institution.
=856  4\$uhttp://www.westminsterforumprojects.co.uk/$zPublisher's Web site
=859  \\$aELD$bebook
=852  41$aBritish Library$bHMNTS$jELD Digital store
=CAT  \\$a12664$b40$c20130722$lBLL01$h1616
=CAT  \\$a8141$b40$c20130807$lBLL01$h1027
=CAT  \\$a11281$b40$c20131030$lBLL01$h1432
=CAT  \\$aWR14.047$c20140417$lBLL01$h1646
=CAT  \\$aW1611-0868$c20161114$lBLL01$h1414
=CAT  \\$aW1711-1225$c20171203$lBLL01$h1053
=FIN  \\$aY$d20130807
=STA  \\$aSUPPRESSED$bunable to determine reason for suppression
=LAS  \\$aW1711-1225$b00$c20171203$lBLL01$h1053

