=LDR  02134 am a2200505 i 4500
=001  016456393
=003  Uk
=005  20130807160850.0
=006  m\\\\||\\d\|\\\\\\
=007  cr\|||||||||||
=008  130722s2013\\\\enk\\\\\o\\\\\100\0|eng\\
=FMT  \\$a  BK
=015  \\$aGBB370371$2bnb
=040  \\$aUk$beng$cUk$erda
=042  \\$aukblsr
=082  04$a361.9429$223
=111  2\$aPolicy Forum for Wales Keynote Seminar: Implementing the Social Services (Wales) Bill - Organisation, Support and Accountability$d(2013 :$cCardiff, Wales)
=245  10$aImplementing the Social Services (Wales) Bill :$borganisation, support and accountability, 6th June 2013.
=264  \1$aBracknell :$bPolicy Forum for Wales,$c[2013?]
=300  \\$a1 online resource (75 pages)
=336  \\$atext$2rdacontent
=337  \\$acomputer$2rdamedia
=338  \\$aonline resource$2rdacarrier
=588  \\$aDescription based on online resource; title from PDF cover page (viewed on August 7, 2013).
=650  \0$aSocial service$zWales$vCongresses.
=650  \0$aSocial work administration$zWales$vCongresses.
=650  \0$aChild care services$zWales$vCongresses.
=650  \0$aChild care services$xLaw and legislation$zWales$vCongresses.
=650  \0$aOlder people$xServices for$zWales$vCongresses.
=650  \0$aOlder people$xServices for$xLaw and legislation$zWales$vCongresses.
=710  2\$aPolicy Forum for Wales,$epublisher,$ehost institution.
=856  4\$uhttp://www.westminsterforumprojects.co.uk/$zPublisher's Web site
=859  \\$aELD$bebook
=852  41$aBritish Library$bHMNTS$jELD Digital store
=CAT  \\$a12664$b40$c20130722$lBLL01$h1620
=CAT  \\$a12664$b40$c20130722$lBLL01$h1622
=CAT  \\$a8141$b40$c20130807$lBLL01$h1144
=CAT  \\$a8141$b40$c20130807$lBLL01$h1148
=CAT  \\$a7332$b40$c20130807$lBLL01$h1608
=CAT  \\$aWR14.047$c20140417$lBLL01$h1646
=CAT  \\$aW1611-0868$c20161114$lBLL01$h1414
=CAT  \\$aW1711-1225$c20171203$lBLL01$h1053
=FIN  \\$aY$d20130807
=STA  \\$aSUPPRESSED$bunable to determine reason for suppression
=LAS  \\$aW1711-1225$b00$c20171203$lBLL01$h1053

