=LDR  01859 am a2200493 i 4500
=001  016458167
=003  Uk
=005  20130821120421.0
=006  m\\\\||\\d\|\\\\\\
=007  cr\|||||||||||
=008  130724s2013\\\\enka\\\\ob\\\|0|0\0|eng\\
=FMT  \\$a  BK
=015  \\$aGBB375136$2bnb
=040  \\$aUk$beng$cUk$erda
=042  \\$aukblsr
=082  04$a641.37143$223
=110  1\$aGreat Britain.$bFood Analysis Performance Assessment Scheme,$eauthor.
=245  10$aNitrate and nitrate in milk powder.$pMay-June 2013 /$cprepared and authorised on behalf of FAPAS by Elaine Leach (Round Coordinator).
=264  \1$aSand Hutton, York :$bFAPAS,$c[2013]
=300  \\$a1 online resource (17 pages) :$billustrations (black and white).
=336  \\$atext$2rdacontent
=337  \\$acomputer$2rdamedia
=338  \\$aonline resource$2rdacarrier
=490  0\$aFAPAS report ;$v1589
=504  \\$aIncludes bibliographical references.
=588  \\$aDescription based on online resource; title from PDF cover page (viewed on August 21, 2013).
=650  \0$aDried milk$xTesting.
=650  \0$aDried milk$xAnalysis.
=650  \0$aNitrates$xAnalysis.
=650  \0$aNitrites$xAnalysis.
=650  \0$aFood$xAnalysis$xQuality control.
=650  \0$aChemical laboratories$xQuality control.
=700  1\$aLeach, Elaine,$eauthor.
=856  4\$uhttp://www.fapas.com/$zCustomer login required
=859  \\$aELD$bebook
=852  41$aBritish Library$bHMNTS$jELD Digital store
=CAT  \\$a11384$b40$c20130724$lBLL01$h1047
=CAT  \\$a8141$b40$c20130821$lBLL01$h1204
=CAT  \\$aWR14.047$c20140417$lBLL01$h1646
=CAT  \\$aW1611-0868$c20161114$lBLL01$h1414
=CAT  \\$aW1711-1225$c20171203$lBLL01$h1053
=FIN  \\$aY$d20130821
=STA  \\$aSUPPRESSED$bunable to determine reason for suppression
=LAS  \\$aW1711-1225$b00$c20171203$lBLL01$h1053

