=LDR  01695 am a2200433 i 4500
=001  016458209
=003  Uk
=005  20130808092916.0
=006  m\\\\||\\d\|\\\\\\
=007  cr\|||||||||||
=008  130724s2013\\\\enk\\\\\ob\\\\100\0|eng\\
=FMT  \\$a  BK
=015  \\$aGBB370431$2bnb
=040  \\$aUk$beng$cUk$erda
=042  \\$aukblsr
=082  04$a338.9429$223
=111  2\$aPolicy Forum for Wales Keynote Seminar: Next Steps For Welsh Infrastructure$d(2013 :$cCardiff, Wales)
=245  10$aNext steps for Welsh infrastructure, 1st July 2013.
=264  \1$aBracknell :$bPolicy Forum For Wales,$c[2013?]
=300  \\$a1 online resource (82 pages)
=336  \\$atext$2rdacontent
=337  \\$acomputer$2rdamedia
=338  \\$aonline resource$2rdacarrier
=504  \\$aIncludes bibliographical references.
=588  \\$aDescription based on online resource; title from PDF cover page (viewed on August 8, 2013).
=650  \0$aInfrastructure (Economics)$xGovernment policy$zWales$vCongresses.
=650  \0$aInfrastructure (Economics)$zWales$xFinance$vCongresses.
=710  2\$aPolicy Forum for Wales,$epublisher,$ehost institution.
=856  4\$uhttp://www.westminsterforumprojects.co.uk/$zPublisher's Web site
=859  \\$aELD$bebook
=852  41$aBritish Library$bHMNTS$jELD Digital store
=CAT  \\$a12664$b40$c20130724$lBLL01$h1123
=CAT  \\$a8141$b40$c20130808$lBLL01$h0929
=CAT  \\$aWR14.047$c20140417$lBLL01$h1646
=CAT  \\$aW1611-0868$c20161114$lBLL01$h1414
=CAT  \\$aW1711-1225$c20171203$lBLL01$h1053
=FIN  \\$aY$d20130808
=STA  \\$aSUPPRESSED$bunable to determine reason for suppression
=LAS  \\$aW1711-1225$b00$c20171203$lBLL01$h1053

