=LDR  02147 am a2200493 i 4500
=001  016458224
=003  Uk
=005  20130808104021.0
=006  m\\\\||\\d\|\\\\\\
=007  cr\|||||||||||
=008  130724s2013\\\\enk\\\\\ob\\\\100\0|eng\\
=FMT  \\$a  BK
=015  \\$aGBB370437$2bnb
=040  \\$aUk$beng$cUk$erda
=042  \\$aukblsr
=082  04$a388.10941$223
=111  2\$aWestminster Energy, Environment & Transport Forum Keynote Seminar: Next Steps For UK Road Network Development: Planning, Funding and The Role of The Highways Agency$d(2013 :$cLondon, England)
=245  10$aNext steps for UK road network development :$bplanning, funding and the role of the Highways Agency, 11th July 2013.
=264  \1$aBracknell :$bWestminster Energy, Environment & Transport Forum,$c[2013?]
=300  \\$a1 online resource (82 pages)
=336  \\$atext$2rdacontent
=337  \\$acomputer$2rdamedia
=338  \\$aonline resource$2rdacarrier
=504  \\$aIncludes bibliographical references.
=588  \\$aDescription based on online resource; title from PDF cover page (viewed on August 8, 2013).
=610  10$aGreat Britain.$bHighways Agency$vCongresses.
=650  \0$aRoads$zGreat Britain$vCongresses.
=650  \0$aHighway planning$zGreat Britain$vCongresses.
=650  \0$aRoads$xGovernment policy$zGreat Britain$vCongresses.
=650  \0$aRoads$zGreat Britain$xFinance$vCongresses.
=710  2\$aWestminster Energy, Environment & Transport Forum,$epublisher,$ehost institution.
=856  4\$uhttp://www.westminsterforumprojects.co.uk/$zPublisher's Web site
=859  \\$aELD$bebook
=852  41$aBritish Library$bHMNTS$jELD Digital store
=CAT  \\$a12664$b40$c20130724$lBLL01$h1132
=CAT  \\$a8141$b40$c20130808$lBLL01$h1034
=CAT  \\$a8141$b40$c20130808$lBLL01$h1037
=CAT  \\$a8141$b40$c20130808$lBLL01$h1040
=CAT  \\$aWR14.047$c20140417$lBLL01$h1646
=CAT  \\$aW1611-0868$c20161114$lBLL01$h1414
=CAT  \\$aW1711-1225$c20171203$lBLL01$h1053
=FIN  \\$aY$d20130808
=STA  \\$aSUPPRESSED$bunable to determine reason for suppression
=LAS  \\$aW1711-1225$b00$c20171203$lBLL01$h1053

