=LDR  02033 am a2200481 i 4500
=001  016458227
=003  Uk
=005  20130808110954.0
=006  m\\\\||\\d\|\\\\\\
=007  cr\|||||||||||
=008  130724s2013\\\\enk\\\\\o\\\\\100\0|eng\\
=FMT  \\$a  BK
=015  \\$aGBB370443$2bnb
=040  \\$aUk$beng$cUk$erda
=042  \\$aukblsr
=082  04$a362.70941$223
=111  2\$aWestminster Social Policy Forum Keynote Seminar: Early Intervention: Joining Up Services, Targeting Support and The Role of The Foundation$d(2013 :$cLondon, England)
=245  10$aEarly intervention :$bjoining up services, targeting support and the role of the Foundation, 10th July 2013.
=264  \1$aBracknell :$bWestminster Social Policy Forum,$c[2013?]
=300  \\$a1 online resource (74 pages)
=336  \\$atext$2rdacontent
=337  \\$acomputer$2rdamedia
=338  \\$aonline resource$2rdacarrier
=588  \\$aDescription based on online resource; title from PDF cover page (viewed on August 8, 2013).
=610  24$aEarly Intervention Foundation$xCongresses.
=650  \0$aChild welfare$zGreat Britain$vCongresses.
=650  \0$aChild welfare$zGreat Britain$xAdministration$vCongresses.
=650  \0$aFamily services$zGreat Britain$vCongresses.
=650  \0$aYouth$xServices for$zGreat Britain$vCongresses.
=710  2\$aWestminster Social Policy Forum,$epublisher,$ehost institution.
=856  4\$uhttp://www.westminsterforumprojects.co.uk/$zPublisher's Web site
=859  \\$aELD$bebook
=852  41$aBritish Library$bHMNTS$jELD Digital store
=985  \\$a111 &610 = new headings.
=CAT  \\$a12664$b40$c20130724$lBLL01$h1134
=CAT  \\$a12664$b40$c20130724$lBLL01$h1136
=CAT  \\$a8141$b40$c20130808$lBLL01$h1109
=CAT  \\$aWR14.047$c20140417$lBLL01$h1646
=CAT  \\$aW1611-0868$c20161114$lBLL01$h1414
=CAT  \\$aW1711-1225$c20171203$lBLL01$h1053
=FIN  \\$aY$d20130808
=STA  \\$aSUPPRESSED$bunable to determine reason for suppression
=LAS  \\$aW1711-1225$b00$c20171203$lBLL01$h1053

