=LDR  01957 am a2200457 i 4500
=001  016458233
=003  Uk
=005  20130808120610.0
=006  m\\\\||\\d\|\\\\\\
=007  cr\|||||||||||
=008  130724s2013\\\\enk\\\\\o\\\\\100\0|eng\\
=FMT  \\$a  BK
=015  \\$aGBB370447$2bnb
=040  \\$aUk$beng$cUk$erda
=042  \\$aukblsr
=082  04$a338.1841$223
=111  2\$aWestminster Food & Nutrition Forum Keynote Seminar: Implementing the Common Agricultural Policy and the Future of UK Farming$d(2013 :$cLondon, England)
=245  10$aImplementing the Common Agricultural Policy and the future of UK farming, 11th July 2013.
=264  \1$aBracknell :$bWestminster Food & Nutrition Forum,$c[2013?]
=300  \\$a1 online resource (70 pages)
=336  \\$atext$2rdacontent
=337  \\$acomputer$2rdamedia
=338  \\$aonline resource$2rdacarrier
=588  \\$aDescription based on online resource; title from PDF cover page (viewed on August 8, 2013).
=650  \0$aAgriculture and state$zGreat Britain$vCongresses.
=650  \0$aAgriculture and state$zEuropean Union countries$vCongresses.
=650  \0$aFood security$xGovernment policy$zGreat Britain$vCongresses.
=650  \0$aFood security$xGovernment policy$zEuropean Union countries$vCongresses.
=710  2\$aWestminster Food & Nutrition Forum,$epublisher,$ehost institution.
=856  4\$uhttp://www.westminsterforumprojects.co.uk/$zPublisher's Web site
=859  \\$aELD$bebook
=852  41$aBritish Library$bHMNTS$jELD Digital store
=CAT  \\$a12664$b40$c20130724$lBLL01$h1137
=CAT  \\$a12664$b40$c20130724$lBLL01$h1138
=CAT  \\$a8141$b40$c20130808$lBLL01$h1206
=CAT  \\$aWR14.047$c20140417$lBLL01$h1646
=CAT  \\$aW1611-0868$c20161114$lBLL01$h1414
=CAT  \\$aW1711-1225$c20171203$lBLL01$h1053
=FIN  \\$aY$d20130808
=STA  \\$aSUPPRESSED$bunable to determine reason for suppression
=LAS  \\$aW1711-1225$b00$c20171203$lBLL01$h1053

