=LDR  02129 am a2200481 i 4500
=001  016458235
=003  Uk
=005  20130808123332.0
=006  m\\\\||\\d\|\\\\\\
=007  cr\|||||||||||
=008  130724s2013\\\\enk\\\\\ob\\\\100\0|eng\\
=FMT  \\$a  BK
=015  \\$aGBB370450$2bnb
=040  \\$aUk$beng$cUk$erda
=042  \\$aukblsr
=082  04$a378.41$223
=111  2\$aWestminster Higher Education Forum Keynote Seminar: Competition and Diversity in UK Higher Education - Online Learning Models, Alternative Providers and the Changing Shape of the Sector$d(2013 :$cLondon, England)
=245  10$aCompetition and diversity in UK Higher Education :$bonline learning models, alternative providers and the changing shape of the sector, 11th July 2013.
=264  \1$aBracknell :$bWestminster Higher Education Forum,$c[2013?]
=300  \\$a1 online resource (75 pages)
=336  \\$atext$2rdacontent
=337  \\$acomputer$2rdamedia
=338  \\$aonline resource$2rdacarrier
=504  \\$aIncludes bibliographical references.
=588  \\$aDescription based on online resource; title from PDF cover page (viewed on August 8, 2013).
=650  \0$aEducation, Higher$zGreat Britain$vCongresses.
=650  \0$aHigher education and state$zGreat Britain$vCongresses.
=650  \0$aDistance education$zGreat Britain$vCongresses.
=650  \0$aInternet in education$zGreat Britain$vCongresses.
=710  2\$aWestminster Higher Education Forum,$epublisher,$ehost institution.
=856  4\$uhttp://www.westminsterforumprojects.co.uk/$zPublisher's Web site
=859  \\$aELD$bebook
=852  41$aBritish Library$bHMNTS$jELD Digital store
=985  \\$a111 & 710 = new headings.
=CAT  \\$a12664$b40$c20130724$lBLL01$h1139
=CAT  \\$a12664$b40$c20130724$lBLL01$h1140
=CAT  \\$a8141$b40$c20130808$lBLL01$h1233
=CAT  \\$aWR14.047$c20140417$lBLL01$h1646
=CAT  \\$aW1611-0868$c20161114$lBLL01$h1414
=CAT  \\$aW1711-1225$c20171203$lBLL01$h1053
=FIN  \\$aY$d20130808
=STA  \\$aSUPPRESSED$bunable to determine reason for suppression
=LAS  \\$aW1711-1225$b00$c20171203$lBLL01$h1053

