=LDR  01906 am a2200469 i 4500
=001  016458832
=003  Uk
=005  20131119155454.0
=006  m\\\\||\\d\|\\\\\\
=007  cr\|||||||||||
=008  130725s2013\\\\enk\\\\\ob\\\\100\0|eng\\
=FMT  \\$a  BK
=015  \\$aGBB370526$2bnb
=040  \\$aUk$beng$cUk$erda
=042  \\$aukblsr
=082  04$a302.2310941$223
=111  2\$aWestminster eForum Keynote Seminar: Policy priorities for social media$d(2013 :$cLondon, England)
=245  10$aPolicy priorities for social media, 10th July 2013.
=264  \1$aBracknell :$bWestminster eForum,$c[2013?]
=300  \\$a1 online resource (82 pages)
=336  \\$atext$2rdacontent
=337  \\$acomputer$2rdamedia
=338  \\$aonline resource$2rdacarrier
=504  \\$aIncludes bibliographical references.
=588  \\$aDescription based on online resource; title from PDF cover page (viewed on August 12, 2013).
=650  \0$aSocial media$xEconomic aspects$zGreat Britain$vCongresses.
=650  \0$aSocial media$xMoral and ethical aspects$zGreat Britain$vCongresses.
=650  \0$aSocial media$xLaw and legislation$zGreat Britain$vCongresses.
=650  \0$aUser-generated content$xLaw and legislation$zGreat Britain$vCongresses.
=710  2\$aWestminster eForum,$epublisher,$ehost institution.
=856  4\$uhttp://www.westminsterforumprojects.co.uk/$zPublisher's Web site
=859  \\$aELD$bebook
=852  41$aBritish Library$bHMNTS$jELD Digital store
=CAT  \\$a12664$b40$c20130725$lBLL01$h1548
=CAT  \\$a8141$b40$c20130812$lBLL01$h0838
=CAT  \\$a7332$b40$c20131119$lBLL01$h1554
=CAT  \\$aWR14.047$c20140417$lBLL01$h1646
=CAT  \\$aW1611-0868$c20161114$lBLL01$h1414
=CAT  \\$aW1711-1225$c20171203$lBLL01$h1053
=FIN  \\$aY$d20130812
=STA  \\$aSUPPRESSED$bunable to determine reason for suppression
=LAS  \\$aW1711-1225$b00$c20171203$lBLL01$h1053

