=LDR  01977 am a2200457 i 4500
=001  016471599
=003  Uk
=005  20130819104934.0
=006  m\\\\||\\d\|\\\\\\
=007  cr\|||||||||||
=008  130813s2013\\\\enk\\\\\ob\\\\100\0|eng\\
=FMT  \\$a  BK
=015  \\$aGBB372912$2bnb
=040  \\$aUk$beng$cUk$erda
=042  \\$aukblsr
=082  04$a362.60942$223
=111  2\$aWestminster Health Forum Keynote Seminar: Developing the Health and Care Workforce: Priorities, Regulation and Health Education England$d(2013 :$cLondon, England)
=245  10$aDeveloping the health and care workforce :$bpriorities, regulation and Health Education England, 10th July 2013.
=264  \1$aBracknell, Berkshire :$bWestminster Health Forum,$c[2013?]
=300  \\$a1 online resource (69 pages)
=336  \\$atext$2rdacontent
=337  \\$acomputer$2rdamedia
=338  \\$aonline resource$2rdacarrier
=504  \\$aIncludes bibliographical references.
=588  \\$aDescription based on online resource; title from PDF cover page (viewed on August 19, 2013).
=650  \0$aMedical personnel$xTraining of$zEngland$vCongresses.
=650  \0$aMedical personnel$xIn-service training$zEngland$vCongresses.
=650  \0$aSocial service$xEmployees$xTraining of$zEngland$vCongresses.
=650  \0$aMedical education$xStandards$zEngland$vCongresses.
=710  2\$aWestminster Diet & Health Forum,$epublisher,$ehost institution.
=856  4\$uhttp://www.westminsterforumprojects.co.uk/$zPublisher's Web site
=859  \\$aELD$bebook
=852  41$aBritish Library$bHMNTS$jELD Digital store
=CAT  \\$a12664$b40$c20130813$lBLL01$h1205
=CAT  \\$a8141$b40$c20130819$lBLL01$h1049
=CAT  \\$aWR14.047$c20140417$lBLL01$h1646
=CAT  \\$aW1611-0868$c20161114$lBLL01$h1415
=CAT  \\$aW1711-1225$c20171203$lBLL01$h1053
=FIN  \\$aY$d20130819
=STA  \\$aSUPPRESSED$bunable to determine reason for suppression
=LAS  \\$aW1711-1225$b00$c20171203$lBLL01$h1053

