=LDR  01791 am a2200445 i 4500
=001  016471639
=003  Uk
=005  20130819112134.0
=006  m\\\\||\\d\|\\\\\\
=007  cr\|||||||||||
=008  130813s2013\\\\wlk\\\\\ob\\\\100\0|eng\\
=FMT  \\$a  BK
=015  \\$aGBB372922$2bnb
=040  \\$aUk$beng$cUk$erda
=042  \\$aukblsr
=082  04$a362.109429$223
=111  2\$aPolicy Forum for Wales Keynote Seminar: Next Steps for Integrating Health and Social Care Services in Wales$d(2013 :$cCardiff, Wales)
=245  10$aNext steps for integrating health and social care services in Wales, 17th July 2013.
=264  \1$aBracknell, Berkshire :$bPolicy Forum for Wales,$c[2013?]
=300  \\$a1 online resource (81 pages)
=336  \\$atext$2rdacontent
=337  \\$acomputer$2rdamedia
=338  \\$aonline resource$2rdacarrier
=504  \\$aIncludes bibliographical references.
=588  \\$aDescription based on online resource; title from PDF cover page (viewed on August 19, 2013).
=650  \0$aIntegrated delivery of health care$zWales$vCongresses.
=650  \0$aSocial service$zWales$vCongresses.
=650  \0$aMedical care$zWales$vCongresses.
=710  2\$aPolicy Forum for Wales,$epublisher,$ehost institution.
=856  4\$uhttp://www.westminsterforumprojects.co.uk/$zPublisher's Web site
=859  \\$aELD$bebook
=852  41$aBritish Library$bHMNTS$jELD Digital store
=CAT  \\$a12664$b40$c20130813$lBLL01$h1307
=CAT  \\$a8141$b40$c20130819$lBLL01$h1121
=CAT  \\$aWR14.047$c20140417$lBLL01$h1646
=CAT  \\$aW1611-0868$c20161114$lBLL01$h1415
=CAT  \\$aW1711-1225$c20171203$lBLL01$h1053
=FIN  \\$aY$d20130819
=STA  \\$aSUPPRESSED$bunable to determine reason for suppression
=LAS  \\$aW1711-1225$b00$c20171203$lBLL01$h1053

