=LDR  01961 am a2200481 i 4500
=001  016471640
=003  Uk
=005  20130819115121.0
=006  m\\\\||\\d\|\\\\\\
=007  cr\|||||||||||
=008  130813s2013\\\\enk\\\\\o\\\\\100\0|eng\\
=FMT  \\$a  BK
=015  \\$aGBB372928$2bnb
=040  \\$aUk$beng$cUk$erda
=042  \\$aukblsr
=082  04$a346.42015$223
=111  2\$aWestminster Legal Policy Forum Keynote Seminar: Family Justice ‐ Next Steps For Reform and Modernisation$d(2013 :$cLondon, England)
=245  10$aFamily justice :$bnext steps for reform and modernisation, 16th July 2013.
=264  \1$aBracknell, Berkshire :$bWestminster Legal Policy Forum,$c[2013?]
=300  \\$a1 online resource (77 pages)
=336  \\$atext$2rdacontent
=337  \\$acomputer$2rdamedia
=338  \\$aonline resource$2rdacarrier
=588  \\$aDescription based on online resource; title from PDF cover page (viewed on August 19, 2013).
=650  \0$aDomestic relations$zEngland$vCongresses.
=650  \0$aDomestic relations$zWales$vCongresses.
=650  \0$aDomestic relations courts$zEngland$vCongresses.
=650  \0$aDomestic relations courts$zWales$vCongresses.
=650  \0$aChild welfare$zEngland$vCongresses.
=650  \0$aChild welfare$zWales$vCongresses.
=710  2\$aWestminster Legal Policy Forum,$epublisher,$ehost institution.
=856  4\$uhttp://www.westminsterforumprojects.co.uk/$zPublisher's Web site
=859  \\$aELD$bebook
=852  41$aBritish Library$bHMNTS$jELD Digital store
=CAT  \\$a12664$b40$c20130813$lBLL01$h1308
=CAT  \\$a12664$b40$c20130813$lBLL01$h1309
=CAT  \\$a8141$b40$c20130819$lBLL01$h1151
=CAT  \\$aWR14.047$c20140417$lBLL01$h1646
=CAT  \\$aW1611-0868$c20161114$lBLL01$h1415
=CAT  \\$aW1711-1225$c20171203$lBLL01$h1053
=FIN  \\$aY$d20130819
=STA  \\$aSUPPRESSED$bunable to determine reason for suppression
=LAS  \\$aW1711-1225$b00$c20171203$lBLL01$h1053

