=LDR  02302 am a2200469 i 4500
=001  016471641
=003  Uk
=005  20130819133832.0
=006  m\\\\||\\d\|\\\\\\
=007  cr\|||||||||||
=008  130813s2013\\\\enk\\\\\o\\\\\100\0|eng\\
=FMT  \\$a  BK
=015  \\$aGBB372937$2bnb
=040  \\$aUk$beng$cUk$erda
=042  \\$aukblsr
=082  04$a333.7932150941$223
=111  2\$aWestminster Energy, Environment & Transport Forum Keynote Seminar: Delivering Electricity Market Reform (EMR): Contracts for Difference, the Capacity Market and the Emissions Performance Standard$d(2013 :$cLondon, England)
=245  10$aDelivering electricity market reform (EMR) :$bcontracts for difference, the capacity market and the emissions performance standard, 16th July 2013.
=264  \1$aBracknell, Berkshire :$bWestminster Energy, Environment & Transport Forum,$c[2013?]
=300  \\$a1 online resource (87 pages)
=336  \\$atext$2rdacontent
=337  \\$acomputer$2rdamedia
=338  \\$aonline resource$2rdacarrier
=588  \\$aDescription based on online resource; title from PDF cover page (viewed on August 19, 2013).
=650  \0$aElectric power production$xCapital investments$zGreat Britain$vCongresses.
=650  \0$aElectric power production$xGovernment policy$zGreat Britain$vCongresses.
=650  \0$aRenewable energy sources$xCapital investments$zGreat Britain$vCongresses.
=650  \0$aRenewable energy sources$xGovernment policy$zGreat Britain$vCongresses.
=650  \0$aElectric power$xGovernment policy$zGreat Britain$vCongresses.
=650  \0$aCarbon dioxide mitigation$xGovernment policy$zGreat Britain$vCongresses.
=710  2\$aWestminster Energy, Environment & Transport Forum,$epublisher,$ehost institution.
=856  4\$uhttp://www.westminsterforumprojects.co.uk/$zPublisher's Web site
=859  \\$aELD$bebook
=852  41$aBritish Library$bHMNTS$jELD Digital store
=CAT  \\$a12664$b40$c20130813$lBLL01$h1311
=CAT  \\$a8141$b40$c20130819$lBLL01$h1338
=CAT  \\$aWR14.047$c20140417$lBLL01$h1646
=CAT  \\$aW1611-0868$c20161114$lBLL01$h1415
=CAT  \\$aW1711-1225$c20171203$lBLL01$h1053
=FIN  \\$aY$d20130819
=STA  \\$aSUPPRESSED$bunable to determine reason for suppression
=LAS  \\$aW1711-1225$b00$c20171203$lBLL01$h1053

