=LDR  01867 am a2200457 i 4500
=001  016471642
=003  Uk
=005  20130819143012.0
=006  m\\\\||\\d\|\\\\\\
=007  cr\|||||||||||
=008  130813s2013\\\\enk\\\\\o\\\\\100\0|eng\\
=FMT  \\$a  BK
=015  \\$aGBB372947$2bnb
=040  \\$aUk$beng$cUk$erda
=042  \\$aukblsr
=082  04$a379.1580942$223
=111  2\$aWestminster Education Forum Keynote Seminar: School Performance and Accountability$d(2013 :$cLondon, England)
=245  10$aSchool performance and accountability, 25th March 2013.
=264  \1$aBracknell, Berkshire :$bWestminster Education Forum,$c[2013?]
=300  \\$a1 online resource (72 pages)
=336  \\$atext$2rdacontent
=337  \\$acomputer$2rdamedia
=338  \\$aonline resource$2rdacarrier
=588  \\$aDescription based on online resource; title from PDF cover page (viewed on August 19, 2013).
=650  \0$aEducational accountability$zEngland$vCongresses.
=650  \0$aSchools$xRatings and rankings$zEngland$vCongresses.
=650  \0$aSchool management and organization$zEngland$vCongresses.
=650  \0$aSchool children$xRating of$zEngland$vCongresses.
=650  \0$aAcademic achievement$zEngland$xEvaluation$vCongresses.
=710  2\$aWestminster Education Forum,$epublisher,$ehost institution.
=856  4\$uhttp://www.westminsterforumprojects.co.uk/$zPublisher's Web site
=859  \\$aELD$bebook
=852  41$aBritish Library$bHMNTS$jELD Digital store
=CAT  \\$a12664$b40$c20130813$lBLL01$h1313
=CAT  \\$a8141$b40$c20130819$lBLL01$h1430
=CAT  \\$aWR14.047$c20140417$lBLL01$h1646
=CAT  \\$aW1611-0868$c20161114$lBLL01$h1415
=CAT  \\$aW1711-1225$c20171203$lBLL01$h1053
=FIN  \\$aY$d20130819
=STA  \\$aSUPPRESSED$bunable to determine reason for suppression
=LAS  \\$aW1711-1225$b00$c20171203$lBLL01$h1053

