=LDR  02089 am a2200481 i 4500
=001  016471665
=003  Uk
=005  20130820094046.0
=006  m\\\\||\\d\|\\\\\\
=007  cr\|||||||||||
=008  130813s2013\\\\enk\\\\\ob\\\\100\0|eng\\
=FMT  \\$a  BK
=015  \\$aGBB373193$2bnb
=040  \\$aUk$beng$cUk$erda
=042  \\$aukblsr
=082  04$a333.79110941$223
=111  2\$aWestminster Energy, Environment & Transport Forum Keynote Seminar: Energy Security and the Role of Gas in the UK's Electricity Market$d(2013 :$cLondon, England)
=245  10$aEnergy security and the role of gas in the UK's electricity market.
=264  \1$aBracknell, Berkshire :$bWestminster Energy, Environment & Transport Forum,$c[2013?]
=300  \\$a1 online resource (79 pages)
=336  \\$atext$2rdacontent
=337  \\$acomputer$2rdamedia
=338  \\$aonline resource$2rdacarrier
=504  \\$aIncludes bibliographical references.
=588  \\$aDescription based on online resource; title from PDF cover page (viewed on August 20, 2013).
=650  \0$aEnergy security$zGreat Britain$vCongresses.
=650  \0$aGas industry$xGovernment policy$zGreat Britain$vCongresses.
=650  \0$aGas manufacture and works$xGovernment policy$zGreat Britain$vCongresses.
=650  \0$aElectric power production$zGreat Britain$vCongresses.
=710  2\$aWestminster Energy, Environment & Transport Forum,$epublisher,$ehost institution.
=856  4\$uhttp://www.westminsterforumprojects.co.uk/$zPublisher's Web site
=859  \\$aELD$bebook
=852  41$aBritish Library$bHMNTS$jELD Digital store
=CAT  \\$a12664$b40$c20130813$lBLL01$h1338
=CAT  \\$a8141$b40$c20130820$lBLL01$h0940
=CAT  \\$aBATCH-UPD$b40$c20130828$lBLL01$h1405
=CAT  \\$aWR14.047$c20140417$lBLL01$h1646
=CAT  \\$aW1611-0868$c20161114$lBLL01$h1415
=CAT  \\$aBATCH-UPD$b00$c20161114$lBLL01$h1418
=CAT  \\$aW1711-1225$c20171203$lBLL01$h1053
=FIN  \\$aY$d20130820
=STA  \\$aSUPPRESSED$bunable to determine reason for suppression
=LAS  \\$aW1711-1225$b00$c20171203$lBLL01$h1053

