=LDR  01852 am a2200481 i 4500
=001  016484571
=003  Uk
=005  20130905122548.0
=006  m\\\\||\\d\|\\\\\\
=007  cr\|||||||||||
=008  130829s2013\\\\enka\\\\ob\\\|0|0\0|eng\\
=FMT  \\$a  BK
=015  \\$aGBB380916$2bnb
=040  \\$aUk$beng$cUk$erda
=042  \\$aukblsr
=082  04$a664.9497$223
=110  1\$aGreat Britain.$bFood Analysis Performance Assessment Scheme,$eauthor.
=245  10$aTotal volatile basic nitrogen (TVB-N) in canned fish.$pJune-August 2013 /$cprepared and authorised on behalf of FAPAS by Michael Knaggs (Round Coordinator).
=264  \1$aSand Hutton, York :$bFAPAS,$c[2013]
=300  \\$a1 online resource (15 pages) :$billustrations (black and white).
=336  \\$atext$2rdacontent
=337  \\$acomputer$2rdamedia
=338  \\$aonline resource$2rdacarrier
=490  0\$aFAPAS report ;$v25110
=504  \\$aIncludes bibliographical references.
=588  \\$aDescription based on online resource; title from PDF cover page (viewed on September 5, 2013).
=650  \0$aCanned fish$xTesting.
=650  \0$aCanned fish$xAnalysis.
=650  \0$aNitrogen$xAnalysis.
=650  \0$aFood$xAnalysis$xQuality control.
=650  \0$aChemical laboratories$xQuality control.
=700  1\$aKnaggs, Michael,$eauthor.
=856  4\$uhttp://www.fapas.com/$zCustomer login required
=859  \\$aELD$bebook
=852  41$aBritish Library$bHMNTS$jELD Digital store
=CAT  \\$a11384$b40$c20130829$lBLL01$h1133
=CAT  \\$a8141$b40$c20130905$lBLL01$h1225
=CAT  \\$aWR14.047$c20140417$lBLL01$h1646
=CAT  \\$aW1611-0868$c20161114$lBLL01$h1415
=CAT  \\$aW1711-1225$c20171203$lBLL01$h1054
=FIN  \\$aY$d20130905
=STA  \\$aSUPPRESSED$bunable to determine reason for suppression
=LAS  \\$aW1711-1225$b00$c20171203$lBLL01$h1054

