=LDR  01540 am a2200397 i 4500
=001  016413675
=003  Uk
=005  20130523075642.0
=006  m\\\\||\\d\|\\\\\\
=007  cr\|||||||||||
=008  130516s2013\\\\enka\\\\o\\\\\0|0\0|eng\\
=FMT  \\$a  BK
=015  \\$aGBB350590$2bnb
=040  \\$aUk$beng$cUk$erda
=042  \\$aukblsr
=082  04$a332.6730951$223
=110  2\$aEconomist Intelligence Unit (Great Britain),$eauthor.
=245  10$aChina going global investment index /$ca report from the Economist Intelligence Unit.
=264  \1$aLondon :$bEconomist Intelligence Unit,$c[2013]
=300  \\$a1 online resource (31 pages) :$billustrations (colour)
=336  \\$atext$2rdacontent
=337  \\$acomputer$2rdamedia
=338  \\$aonline resource$2rdacarrier
=588  \\$aDescription based on online resource; title from PDF cover page (viewed on May 23, 2013).
=650  \0$aInvestments, Foreign$zChina.
=856  40$uhttp://www.eiu.com/Handlers/WhitepaperHandler.ashx?fi=China_Going_Global_English_version.PDF&mode=wp&campaignid=ChinaGoingGlobal
=859  \\$aELD$bebook
=852  41$aBritish Library$bHMNTS$jELD Digital store
=CAT  \\$a10983$b40$c20130516$lBLL01$h1154
=CAT  \\$a8141$b40$c20130523$lBLL01$h0756
=CAT  \\$aWR14.047$c20140417$lBLL01$h1646
=CAT  \\$aW1611-0868$c20161114$lBLL01$h1414
=CAT  \\$aW1711-1225$c20171203$lBLL01$h1053
=FIN  \\$aY$d20130523
=STA  \\$aSUPPRESSED$bunable to determine reason for suppression
=LAS  \\$aW1711-1225$b00$c20171203$lBLL01$h1053

