=LDR  02007 am a2200517 i 4500
=001  016413729
=003  Uk
=005  20130613140223.0
=006  m\\\\||\\d\|\\\\\\
=007  cr\|||||||||||
=008  130516s2013\\\\stka\\\\ob\\\|0|0\0|eng\\
=FMT  \\$a  BK
=015  \\$aGBB350615$2bnb
=020  \\$z9780108882708
=040  \\$aUk$beng$cUk$erda
=042  \\$aukblsr
=082  04$a346.411022$223
=110  2\$aScottish Law Commission,$eauthor.
=245  10$aReview of contract law :$breport on formation of contract : execution in counterpart.
=264  \1$aEdinburgh :$bStationery Office,$cApril 2013.
=300  \\$a1 online resource (xi, 75 pages) :$billustrations (black and white).
=336  \\$atext$2rdacontent
=337  \\$acomputer$2rdamedia
=338  \\$aonline resource$2rdacarrier
=490  0\$aScot Law Com ;$vNo 231
=500  \\$a"Laid before the Scottish Parliament by the Scottish Ministers under section 3(2) of the Law Commissions Act 1965."
=500  \\$a"Item No 6 of our Eighth Programme of Law Reform."--page v.
=500  \\$a"SG/2013/40."
=504  \\$aIncludes bibliographical references.
=530  \\$aAlso issued in print format.
=588  \\$aDescription based on online resource; title from PDF title page (viewed on May 23, 2013).
=650  \0$aContracts$zScotland.
=650  \0$aSignature (Law)$zScotland.
=856  40$uhttp://www.scotlawcom.gov.uk/index.php/download_file/view/1155/605/
=859  \\$aELD$bebook
=852  41$aBritish Library$bHMNTS$jELD Digital store
=CAT  \\$a10983$b40$c20130516$lBLL01$h1226
=CAT  \\$a10983$b40$c20130516$lBLL01$h1227
=CAT  \\$a8141$b40$c20130523$lBLL01$h0902
=CAT  \\$a8874$b40$c20130613$lBLL01$h1402
=CAT  \\$aWR14.047$c20140417$lBLL01$h1646
=CAT  \\$aW1611-0868$c20161114$lBLL01$h1414
=CAT  \\$aW1711-1225$c20171203$lBLL01$h1053
=FIN  \\$aY$d20130523
=STA  \\$aSUPPRESSED$bunable to determine reason for suppression
=LAS  \\$aW1711-1225$b00$c20171203$lBLL01$h1053

