=LDR  02200 am a2200565 i 4500
=001  016415036
=003  Uk
=005  20130524084114.0
=006  m\\\\||\\d\|\\\\\\
=007  cr\|||||||||||
=008  130520s2013\\\\enka\\\\ob\\\\0|0\0|eng\\
=FMT  \\$a  BK
=015  \\$aGBB350766$2bnb
=020  \\$z9781859359631 (pdf)
=040  \\$aUk$beng$cUk$erda
=042  \\$aukblsr
=082  04$a361.9411$223
=100  10$aAsenova, D.$q(Darinka),$eauthor.
=245  10$aMANAGING THE SOCIAL RISKS OF PUBLIC CUTS IN SCOTLAND /$cDarinka Asenova, Stephen J. Bailey and Claire McCann.
=264  \1$aYork :$bJoseph Rowntree Foundation,$cApril 2013.
=300  \\$a1 online resource (60 pages) :$b1 illustration (black and white).
=336  \\$atext$2rdacontent
=337  \\$acomputer$2rdamedia
=338  \\$aonline resource$2rdacarrier
=490  1\$aReport
=504  \\$aIncludes bibliographical references.
=588  \\$aDescription based on online resource; title from PDF cover page (viewed on May 23, 2013).
=650  \0$aGovernment spending policy$xSocial aspects$zScotland.
=650  \0$aLocal finance$zScotland.
=650  \0$aMarginality, Social$zScotland.
=650  \0$aMunicipal services$xSocial aspects$zScotland.
=650  \0$aRisk management$xSocial aspects.
=700  1\$aBailey, S. J.$q(Stephen James),$d1951-$eauthor.
=700  1\$aMcCann, Claire,$eauthor.
=710  2\$aJoseph Rowntree Foundation,$epublisher.
=830  \0$aReport (Joseph Rowntree Foundation)
=856  40$uhttp://www.jrf.org.uk/sites/files/jrf/public-spending-cuts-scotland-full.pdf
=859  \\$aELD$bebook
=852  41$aBritish Library$bHMNTS$jELD Digital store
=CAT  \\$a10983$b40$c20130520$lBLL01$h1012
=CAT  \\$a10983$b40$c20130520$lBLL01$h1014
=CAT  \\$a8141$b40$c20130523$lBLL01$h1402
=CAT  \\$a7332$b40$c20130524$lBLL01$h0841
=CAT  \\$aWR14.047$c20140417$lBLL01$h1646
=CAT  \\$aW1611-0868$c20161114$lBLL01$h1414
=CAT  \\$aBATCH-UPD$b00$c20161114$lBLL01$h1415
=CAT  \\$aW1711-1225$c20171203$lBLL01$h1053
=FIN  \\$aY$d20130523
=STA  \\$aSUPPRESSED$bunable to determine reason for suppression
=LAS  \\$aW1711-1225$b00$c20171203$lBLL01$h1053

