=LDR  02060 am a2200505 i 4500
=001  016415037
=003  Uk
=005  20131107105122.0
=006  m\\\\||\\d\|\\\\\\
=007  cr\|||||||||||
=008  130520s2013\\\\enk\\\\\o\\\\\0|0\0|eng\\
=FMT  \\$a  BK
=015  \\$aGBB350799$2bnb
=040  \\$aUk$beng$cUk$erda
=042  \\$aukblsr
=082  04$a361.9411$223
=245  00$aMANAGING THE SOCIAL RISKS OF PUBLIC CUTS IN SCOTLAND.
=264  \1$aYork :$bJoseph Rowntree Foundation,$cApril 2013.
=300  \\$a1 online resource (3 pages, 1 unnumbered page)
=336  \\$atext$2rdacontent
=337  \\$acomputer$2rdamedia
=338  \\$aonline resource$2rdacarrier
=500  \\$aSummary of main report by Darinka Asenova, Stephen J. Bailey and Claire McCann.
=500  \\$aThe research by a team from Glasgow School for Business and Society, Glasgow Caledonian University.
=588  \\$aDescription based on online resource; title from PDF caption title (viewed on May 23, 2013).
=650  \0$aGovernment spending policy$xSocial aspects$zScotland.
=650  \0$aLocal finance$zScotland.
=650  \0$aMarginality, Social$zScotland.
=650  \0$aMunicipal services$xSocial aspects$zScotland.
=650  \0$aRisk management$xSocial aspects.
=710  2\$aGlasgow Caledonian University.$bGlasgow School for Business and Society.
=710  2\$aJoseph Rowntree Foundation,$epublisher.
=856  40$uhttp://www.jrf.org.uk/sites/files/jrf/public-spending-cuts-scotland-summary.pdf
=859  \\$aELD$bebook
=852  41$aBritish Library$bHMNTS$jELD Digital store
=CAT  \\$a10983$b40$c20130520$lBLL01$h1016
=CAT  \\$a8141$b40$c20130523$lBLL01$h1430
=CAT  \\$a7332$b40$c20130524$lBLL01$h1000
=CAT  \\$a7332$b40$c20131107$lBLL01$h1051
=CAT  \\$aWR14.047$c20140417$lBLL01$h1646
=CAT  \\$aW1611-0868$c20161114$lBLL01$h1414
=CAT  \\$aW1711-1225$c20171203$lBLL01$h1053
=FIN  \\$aY$d20130523
=STA  \\$aSUPPRESSED$bunable to determine reason for suppression
=LAS  \\$aW1711-1225$b00$c20171203$lBLL01$h1053

