=LDR  01701 am a2200457 i 4500
=001  016415192
=003  Uk
=005  20130702110354.0
=006  m\\\\||\\d\|\\\\\\
=007  cr\|||||||||||
=008  130520s2013\\\\enk\\\\\o\\\\\0|0\0|eng\\
=FMT  \\$a  BK
=015  \\$aGBB356743$2bnb
=040  \\$aUk$beng$cUk$erda
=042  \\$aukblsr
=082  04$a305.80941$223
=100  1\$aKatwala, Sunder,$eauthor.
=245  14$aThe Integration Consensus :$b1993-2013: how Britain changed since Stephen Lawrence /$cSunder Katwala.
=264  \1$aLondon :$bBritish Future,$c[2013?]
=300  \\$a1 online resource (24 pages) :$billustrations (colour)
=336  \\$atext$2rdacontent
=337  \\$acomputer$2rdamedia
=338  \\$aonline resource$2rdacarrier
=588  \\$aDescription based on online resource; title from PDF cover page (viewed on July 2, 2013).
=650  \0$aSocial integration$zGreat Britain.
=650  \0$aMulticulturalism$zGreat Britain.
=651  \0$aGreat Britain$xEthnic relations.
=690  7\$aSocial Welfare$2blcoll
=710  2\$aBritish Future (Think tank),$essuing body.
=856  40$uhttp://www.britishfuture.org/wp-content/uploads/2013/04/IntegrationConsensus.pdf
=859  \\$aELD$bebook
=852  41$aBritish Library$bHMNTS$jELD Digital store
=985  \\$a710 = nre hdg.
=CAT  \\$a10983$b40$c20130520$lBLL01$h1318
=CAT  \\$a7332$b40$c20130702$lBLL01$h1103
=CAT  \\$aWR14.047$c20140417$lBLL01$h1646
=CAT  \\$aW1611-0868$c20161114$lBLL01$h1414
=CAT  \\$aW1711-1225$c20171203$lBLL01$h1053
=FIN  \\$aY$d20130702
=STA  \\$aSUPPRESSED$bunable to determine reason for suppression
=LAS  \\$aW1711-1225$b00$c20171203$lBLL01$h1053

