=LDR  01914 am a22004573i 4500
=001  016418468
=003  Uk
=005  20130903091529.0
=006  m\\\\||\\d\|\\\\\\
=007  cr\|||||||||||
=008  130528s2013\\\\enk\\\\\ob\\\\0|0\0|eng\\
=FMT  \\$a  BK
=015  \\$aGBB378550$2bnb
=020  \\$z9781409838616
=040  \\$aUk$beng$cUk$erda
=042  \\$aukblsr
=082  04$a346.42043$223
=110  1\$aGreat Britain.$bDepartment for Communities and Local Government,$eauthor.
=245  10$aChanges to Temporary Stop Notices :$bSummary of responses and government response.
=264  \1$aLondon :$bDepartment for Communities and Local Government,$cApril 2013.
=300  \\$a1 online resource (9 pages)
=336  \\$atext$2rdacontent
=337  \\$acomputer$2rdamedia
=338  \\$aonline resource$2rdacarrier
=504  \\$aIncludes bibliographical references.
=588  \\$aDescription based on online resource; title from PDF cover page (viewed on September 3, 2013).
=610  10$aGreat Britain.$tTown and Country Planning (Temporary Stop Notice) (England) Regulations 2005.
=650  \0$aTrailer camps$xLaw and legislation$zEngland.
=650  \0$aEnglish Travellers (Nomadic people)$xHousing$zEngland.
=690  7\$aSocial Welfare$2blcoll
=856  40$uhttps://www.gov.uk/government/uploads/system/uploads/attachment_data/file/185760/Changes_to_Temporary_Stop_Notices_-_Summary_of_responses_and_government_response.pdf
=859  \\$aELD$bebook
=852  41$aBritish Library$bHMNTS$jELD Digital store
=CAT  \\$a10983$b40$c20130528$lBLL01$h1447
=CAT  \\$a7332$b40$c20130903$lBLL01$h0915
=CAT  \\$aWR14.047$c20140417$lBLL01$h1646
=CAT  \\$aW1611-0868$c20161114$lBLL01$h1414
=CAT  \\$aW1711-1225$c20171203$lBLL01$h1053
=FIN  \\$aY$d20130903
=STA  \\$aSUPPRESSED$bunable to determine reason for suppression
=LAS  \\$aW1711-1225$b00$c20171203$lBLL01$h1053

