=LDR  01811 am a2200469 i 4500
=001  016427242
=003  Uk
=005  20130709132830.0
=006  m\\\\||\\d\|\\\\\\
=007  cr\|||||||||||
=008  130610s2013\\\\enk\\\\\o\\\\\0|0\0|eng\\
=FMT  \\$a  BK
=015  \\$aGBB358713$2bnb
=020  \\$z9781782461241
=040  \\$aUk$beng$cUk$erda
=042  \\$aukblsr
=082  04$a364.1770941$223
=245  00$aIntroduction of new powers to allow law enforcement agencies to seize and detain chemical substances suspected of being used as drug cutting agents :$bA consultation document.
=264  \1$a[London] :$bHome Office,$c[2013]
=300  \\$a1 online resource (15 pages)
=336  \\$atext$2rdacontent
=337  \\$acomputer$2rdamedia
=338  \\$aonline resource$2rdacarrier
=500  \\$a"May 2013".
=588  \\$aDescription based on online resource; title from PDF cover page (viewed on July 9, 2013).
=650  \0$aDrug control$zGreat Britain.
=650  \0$aDrug abuse and crime$zGreat Britain.
=650  \0$aPolice power$zGreat Britain.
=690  7\$aSocial Welfare$2blcoll
=710  1\$aGreat Britain.$bHome Office,$epublisher.
=856  40$uhttps://www.gov.uk/government/uploads/system/uploads/attachment_data/file/201065/Drug_Cutting_Consultation_2013_WEB.PDF
=859  \\$aELD$bebook
=852  41$aBritish Library$bHMNTS$jELD Digital store
=CAT  \\$a12664$b40$c20130610$lBLL01$h0922
=CAT  \\$a7332$b40$c20130709$lBLL01$h1253
=CAT  \\$a7332$b40$c20130709$lBLL01$h1328
=CAT  \\$aWR14.047$c20140417$lBLL01$h1646
=CAT  \\$aW1611-0868$c20161114$lBLL01$h1414
=CAT  \\$aW1711-1225$c20171203$lBLL01$h1053
=FIN  \\$aY$d20130709
=STA  \\$aSUPPRESSED$bunable to determine reason for suppression
=LAS  \\$aW1711-1225$b00$c20171203$lBLL01$h1053

