=LDR  01777 am a2200457 i 4500
=001  016427248
=003  Uk
=005  20130712100708.0
=006  m\\\\||\\d\|\\\\\\
=007  cr\|||||||||||
=008  130610s2013\\\\enk\\\\\o\\\\\0|0\0|eng\\
=FMT  \\$a  BK
=015  \\$aGBB360808$2bnb
=040  \\$aUk$beng$cUk$erda
=042  \\$aukblsr
=082  04$a364.1770941$223
=245  00$aNew powers to allow law enforcement agencies to seize and detain drug cutting agents :$bImpact Assessment (IA).
=264  \1$aLondon :$bHome Office,$c2 April 2013.
=300  \\$a1 online resource (13 pages)
=336  \\$atext$2rdacontent
=337  \\$acomputer$2rdamedia
=338  \\$aonline resource$2rdacarrier
=500  \\$a"Stage: Consultation; Source of intervention: Domestic; Type of measure: Primary legislation".
=500  \\$a"Summary: Intervention and Options".
=588  \\$aTitle from PDF caption title (viewed on July 12, 2012).
=650  \0$aDrug control$zGreat Britain.
=650  \0$aDrug abuse and crime$zGreat Britain.
=650  \0$aPolice power$zGreat Britain.
=690  7\$aSocial Welfare$2blcoll
=710  1\$aGreat Britain.$bHome Office,$eissuing body.
=856  40$uhttps://www.gov.uk/government/uploads/system/uploads/attachment_data/file/200020/cutting-agents-impact-assessment.pdf
=859  \\$aELD$bebook
=852  41$aBritish Library$bHMNTS$jELD Digital store
=CAT  \\$a12664$b40$c20130610$lBLL01$h0927
=CAT  \\$a7332$b40$c20130712$lBLL01$h1007
=CAT  \\$aWR14.047$c20140417$lBLL01$h1646
=CAT  \\$aW1611-0868$c20161114$lBLL01$h1414
=CAT  \\$aW1711-1225$c20171203$lBLL01$h1053
=FIN  \\$aY$d20130712
=STA  \\$aSUPPRESSED$bunable to determine reason for suppression
=LAS  \\$aW1711-1225$b00$c20171203$lBLL01$h1053

