=LDR  02357 am a2200589 i 4500
=001  016427250
=003  Uk
=005  20131108164308.0
=006  m\\\\||\\d\|\\\\\\
=007  cr\|||||||||||
=008  130610s2013\\\\enk\\\\\ob\\\\000\0|eng\\
=FMT  \\$a  BK
=015  \\$aGBB358688$2bnb
=020  \\$z9781782461296
=040  \\$aUk$beng$cUk$erda
=042  \\$aukblsr
=082  04$a362.87860941$223
=100  1\$aLane, Mike$c(Consultant),$eauthor.
=245  10$aEvaluation of the Early Legal Advice Project :$bFinal Report /$cMike Lane, Daniel Murray, Rajith Lakshman (GVA), Claire Devine and Andrew Zurawan (Home Office Science).
=264  \1$a[London] :$bHome Office,$cMay 2013.
=300  \\$a1 online resource (70 pages).
=336  \\$atext$2rdacontent
=337  \\$acomputer$2rdamedia
=338  \\$aonline resource$2rdacarrier
=490  0\$aResearch report,$x1756-3666 ;$v70
=504  \\$aIncludes bibliographical references.
=588  \\$aDescription based on online resource; title from PDF cover page (viewed on July 9, 2013).
=610  20$aEarly Legal Advice Project$xEvaluation.
=650  \0$aRefugees$xLegal status, laws, etc.$zGreat Britain.
=650  \0$aPolitical refugees$xLegal status, laws, etc.$zGreat Britain.
=650  \0$aAsylum, Right of$zGreat Britain.
=650  \0$aLegal assistance to refugees$zGreat Britain.
=690  7\$aSocial Welfare$2blcoll
=700  1\$aMurray, Daniel$c(Consultant),$eauthor.
=700  1\$aLakshman, Rajith W. D.,$eauthor.
=700  1\$aDevine, Claire,$eauthor.
=700  1\$aZurawan, Andrew,$eauthor.
=710  1\$aGreat Britain.$bHome Office,$epublisher.
=856  40$uhttps://www.gov.uk/government/uploads/system/uploads/attachment_data/file/199962/horr70.pdf
=859  \\$aELD$bebook
=852  41$aBritish Library$bHMNTS$jELD Digital store
=CAT  \\$a12664$b40$c20130610$lBLL01$h0930
=CAT  \\$a7332$b40$c20130709$lBLL01$h0827
=CAT  \\$a7332$b40$c20130709$lBLL01$h0855
=CAT  \\$a7332$b40$c20130709$lBLL01$h1327
=CAT  \\$a7332$b40$c20131108$lBLL01$h1643
=CAT  \\$aWR14.047$c20140417$lBLL01$h1646
=CAT  \\$aW1611-0868$c20161114$lBLL01$h1414
=CAT  \\$aW1711-1225$c20171203$lBLL01$h1053
=FIN  \\$aY$d20130709
=STA  \\$aSUPPRESSED$bunable to determine reason for suppression
=LAS  \\$aW1711-1225$b00$c20171203$lBLL01$h1053

