=LDR  01683 am a2200457 i 4500
=001  016427256
=003  Uk
=005  20130709132814.0
=006  m\\\\||\\d\|\\\\\\
=007  cr\|||||||||||
=008  130610s2013\\\\enk\\\\\o\\\\\0|0\0|eng\\
=FMT  \\$a  BK
=015  \\$aGBB358700$2bnb
=020  \\$z9781782461227
=040  \\$aUk$beng$cUk$erda
=042  \\$aukblsr
=082  04$a331.28136320941$223
=245  00$aImplementing a Police Pay Review Body :$bThe Government's Response.
=264  \1$a[London] :$bHome Office,$c[2013]
=300  \\$a1 online resource (14 pages)
=336  \\$atext$2rdacontent
=337  \\$acomputer$2rdamedia
=338  \\$aonline resource$2rdacarrier
=500  \\$a"April 2013".
=588  \\$aDescription based on online resource; title from PDF cover page (viewed on July 9, 2013).
=650  \0$aPolice$xSalaries, etc.$zGreat Britain.
=650  \0$aPolice$zGreat Britain.
=690  7\$aSocial Welfare$2blcoll
=710  1\$aGreat Britain.$bHome Office,$epublisher.
=856  40$uhttps://www.gov.uk/government/uploads/system/uploads/attachment_data/file/200981/May_22_Govt_resp_to_police_pay_machinery_consultation_WEB.pdf
=859  \\$aELD$bebook
=852  41$aBritish Library$bHMNTS$jELD Digital store
=CAT  \\$a12664$b40$c20130610$lBLL01$h0938
=CAT  \\$a7332$b40$c20130709$lBLL01$h1048
=CAT  \\$a7332$b40$c20130709$lBLL01$h1328
=CAT  \\$aWR14.047$c20140417$lBLL01$h1646
=CAT  \\$aW1611-0868$c20161114$lBLL01$h1414
=CAT  \\$aW1711-1225$c20171203$lBLL01$h1053
=FIN  \\$aY$d20130709
=STA  \\$aSUPPRESSED$bunable to determine reason for suppression
=LAS  \\$aW1711-1225$b00$c20171203$lBLL01$h1053

