=LDR  02010 am a2200505 i 4500
=001  016427348
=003  Uk
=005  20130702150757.0
=006  m\\\\||\\d\|\\\\\\
=007  cr\|||||||||||
=008  130610s2013\\\\enka\\\\ob\\\\000\0|eng\\
=FMT  \\$a  BK
=015  \\$aGBB356780$2bnb
=040  \\$aUk$beng$cUk$erda
=042  \\$aukblsr
=082  04$a361.680941$223
=100  1\$aMurphy, Richard,$d1958-$eauthor.
=245  10$aFinancing the Social State :$bTowards a full employment economy /$cRichard Murphy and Howard Reed.
=264  \1$aLondon :$bCentre for Labour and Social Studies,$cMarch 2013.
=300  \\$a1 online resource (40 pages) :$billustrations (colour).
=336  \\$atext$2rdacontent
=337  \\$acomputer$2rdamedia
=338  \\$aonline resource$2rdacarrier
=490  1\$aPolicy paper
=490  0\$aA social state for 2015
=504  \\$aIncludes bibliographical references.
=588  \\$aDescription based on online resource; title from PDF cover page (viewed on July 2, 2013).
=650  \0$aPublic welfare$zGreat Britain.
=650  \0$aPublic welfare$zGreat Britain$xFinance.
=650  \0$aFull employment policies$zGreat Britain.
=690  7\$aSocial Welfare$2blcoll
=700  1\$aReed, Howard,$d1972-$eauthor.
=710  2\$aCentre for Labour and Social Studies (Think tank),$eissuing body.
=830  \0$aPolicy paper (Centre for Labour and Social Studies (Think tank))
=856  40$uhttp://classonline.org.uk/docs/2013_Policy_Paper_-_Richard_Murphy__Howard_Reed_(Social_State_-_Idleness.pdf
=859  \\$aELD$bebook
=852  41$aBritish Library$bHMNTS$jELD Digital store
=CAT  \\$a12664$b40$c20130610$lBLL01$h1044
=CAT  \\$a7332$b40$c20130702$lBLL01$h1507
=CAT  \\$aWR14.047$c20140417$lBLL01$h1646
=CAT  \\$aW1611-0868$c20161114$lBLL01$h1414
=CAT  \\$aW1711-1225$c20171203$lBLL01$h1053
=FIN  \\$aY$d20130702
=STA  \\$aSUPPRESSED$bunable to determine reason for suppression
=LAS  \\$aW1711-1225$b00$c20171203$lBLL01$h1053

