=LDR  02109 am a2200565 i 4500
=001  016427357
=003  Uk
=005  20131127112955.0
=006  m\\\\||\\d\|\\\\\\
=007  cr\|||||||||||
=008  130610s2013\\\\enk\\\\\ob\\\\000\0|eng\\
=FMT  \\$a  BK
=015  \\$aGBB358405$2bnb
=040  \\$aUk$beng$cUk$erda
=042  \\$aukblsr
=082  04$a361.650941$223
=100  1\$aDanson, Mike,$eauthor.
=245  14$aThe Case for Universalism :$bAssessing the Evidence /$cwritten by Mike Danson, Robin McAlpine, Paul Spicker and Willie Sullivan.
=264  \1$aLondon :$bCentre for Labour and Social Studies,$c[2013]
=300  \\$a1 online resource (29 pages).
=336  \\$atext$2rdacontent
=337  \\$acomputer$2rdamedia
=338  \\$aonline resource$2rdacarrier
=490  1\$aPolicy paper
=500  \\$a"April 2013".
=504  \\$aIncludes bibliographical references.
=588  \\$aDescription based on online resource; title from PDF cover page (viewed on July 5, 2013).
=650  \0$aWelfare state$zGreat Britain.
=650  \0$aSocial policy.
=650  \0$aEquality$zGreat Britain.
=690  7\$aSocial Welfare$2blcoll
=700  1\$aMcAlpine, Robin,$eauthor.
=700  1\$aSpicker, Paul,$eauthor.
=700  1\$aSullivan, Willie,$eauthor.
=710  2\$aCentre for Labour and Social Studies,$eissuing body.
=710  2\$aJimmy Reid Foundation.
=830  \0$aPolicy paper (Centre for Labour and Social Studies)
=856  40$uhttp://classonline.org.uk/docs/2013_Policy_Paper_-_The_case_for_universalism.pdf
=859  \\$aELD$bebook
=852  41$aBritish Library$bHMNTS$jELD Digital store
=CAT  \\$a12664$b40$c20130610$lBLL01$h1048
=CAT  \\$a12664$b40$c20130610$lBLL01$h1052
=CAT  \\$a7332$b40$c20130705$lBLL01$h0905
=CAT  \\$a7332$b40$c20131127$lBLL01$h1129
=CAT  \\$aWR14.047$c20140417$lBLL01$h1646
=CAT  \\$aW1611-0868$c20161114$lBLL01$h1414
=CAT  \\$aW1711-1225$c20171203$lBLL01$h1053
=FIN  \\$aY$d20130705
=STA  \\$aSUPPRESSED$bunable to determine reason for suppression
=LAS  \\$aW1711-1225$b00$c20171203$lBLL01$h1053

