=LDR  01715 am a22004693i 4500
=001  016427361
=003  Uk
=005  20130702142230.0
=006  m\\\\||\\d\|\\\\\\
=007  cr\|||||||||||
=008  130610s2013\\\\enk\\\\\ob\\\\000\0|eng\\
=FMT  \\$a  BK
=015  \\$aGBB356768$2bnb
=040  \\$aUk$beng$cUk$erda
=042  \\$aukblsr
=082  04$a361.610941$223
=245  00$aExposing the myths of welfare.
=264  \1$aLondon :$bCentre for Labour and Social Studies,$cFebruary 2013.
=300  \\$a1 online resource (15 pages)
=336  \\$atext$2rdacontent
=337  \\$acomputer$2rdamedia
=338  \\$aonline resource$2rdacarrier
=500  \\$a"Produced in association with Red Pepper".
=504  \\$aIncludes bibliographical.
=588  \\$aDescription based on online resource; title from PDF cover page (viewed on July 2, 2013).
=650  \0$aPublic welfare$zGreat Britain.
=651  \0$aGreat Britain$xSocial policy.
=651  \0$aGreat Britain$xSocial conditions.
=690  7\$aSocial Welfare$2blcoll
=710  2\$aCentre for Labour and Social Studies (Think tank),$eissuing body.
=856  40$uhttp://classonline.org.uk/docs/2013_Exposing_the_myths_of_welfare.pdf
=859  \\$aELD$bebook
=852  41$aBritish Library$bHMNTS$jELD Digital store
=CAT  \\$a12664$b40$c20130610$lBLL01$h1053
=CAT  \\$a12664$b40$c20130610$lBLL01$h1055
=CAT  \\$a7332$b40$c20130702$lBLL01$h1422
=CAT  \\$aWR14.047$c20140417$lBLL01$h1646
=CAT  \\$aW1611-0868$c20161114$lBLL01$h1414
=CAT  \\$aW1711-1225$c20171203$lBLL01$h1053
=FIN  \\$aY$d20130702
=STA  \\$aSUPPRESSED$bunable to determine reason for suppression
=LAS  \\$aW1711-1225$b00$c20171203$lBLL01$h1053

