=LDR  01888 am a2200493 i 4500
=001  016427372
=003  Uk
=005  20130705100201.0
=006  m\\\\||\\d\|\\\\\\
=007  cr\|||||||||||
=008  130610s2013\\\\enka\\\\ob\\\\000\0|eng\\
=FMT  \\$a  BK
=015  \\$aGBB358415$2bnb
=040  \\$aUk$beng$cUk$erda
=042  \\$aukblsr
=082  04$a363.585091$223
=100  1\$aBowie, Duncan,$eauthor.
=245  10$aTackling squalor :$bThe pivotal role of social housing /$cDuncan Bowie.
=264  \1$aLondon :$bCentre for Labour and Social Studies,$c[2013]
=300  \\$a1 online resource (23 pages) :$billustrations (colour).
=336  \\$atext$2rdacontent
=337  \\$acomputer$2rdamedia
=338  \\$aonline resource$2rdacarrier
=490  1\$aPolicy paper
=500  \\$a"March 2013".
=504  \\$aIncludes bibliographical references.
=588  \\$aDescription based on online resource; title from PDF cover page (viewed on July 5, 2013).
=650  \0$aPublic housing$zGreat Britain.
=650  \0$aHousing policy$zGreat Britain.
=650  \0$aRental housing$zGreat Britain.
=690  7\$aSocial Welfare$2blcoll
=710  2\$aCentre for Labour and Social Studies (Think tank),$eissuing body.
=830  \0$aPolicy paper (Centre for Labour and Social Studies (Think tank))
=856  40$uhttp://classonline.org.uk/docs/2013_Policy_Paper_-_Duncan_Bowie_(Social_State_-_Tackling_Squalor).pdf
=859  \\$aELD$bebook
=852  41$aBritish Library$bHMNTS$jELD Digital store
=CAT  \\$a12664$b40$c20130610$lBLL01$h1100
=CAT  \\$a7332$b40$c20130705$lBLL01$h1002
=CAT  \\$aWR14.047$c20140417$lBLL01$h1646
=CAT  \\$aW1611-0868$c20161114$lBLL01$h1414
=CAT  \\$aW1711-1225$c20171203$lBLL01$h1053
=FIN  \\$aY$d20130705
=STA  \\$aSUPPRESSED$bunable to determine reason for suppression
=LAS  \\$aW1711-1225$b00$c20171203$lBLL01$h1053

