=LDR  01796 am a2200481 i 4500
=001  016427381
=003  Uk
=005  20130702135451.0
=006  m\\\\||\\d\|\\\\\\
=007  cr\|||||||||||
=008  130610s2013\\\\enk\\\\\o\\\\\0|0\0|eng\\
=FMT  \\$a  BK
=015  \\$aGBB356762$2bnb
=040  \\$aUk$beng$cUk$erda
=042  \\$aukblsr
=082  04$a362.50941$223
=100  1\$aWilliams, Zoe,$d1973-$eauthor.
=245  10$aAchieving a Social State :$bWhat can we learn from Beveridge's Giant Evils /$cZoe Williams.
=264  \1$aLondon :$bCentre for Labour and Social Studies,$cFebruary 2013.
=300  \\$a1 online resource (7 pages).
=336  \\$atext$2rdacontent
=337  \\$acomputer$2rdamedia
=338  \\$aonline resource$2rdacarrier
=490  0\$aThink piece
=490  0\$aA social state for 2015
=588  \\$aDescription based on online resource; title from PDF cover page (viewed on July 2, 2013).
=650  \0$aPoor$zGreat Britain.
=650  \0$aMarginality, Social$zGreat Britain.
=650  \0$aSocial service$zGreat Britain.
=690  7\$aSocial Welfare$2blcoll
=710  2\$aCentre for Labour and Social Studies (Think tank),$eissuing body.
=856  40$uhttp://classonline.org.uk/docs/2013_Think_piece_-_Zoe_Williams_(Social_State).pdf
=859  \\$aELD$bebook
=852  41$aBritish Library$bHMNTS$jELD Digital store
=CAT  \\$a12664$b40$c20130610$lBLL01$h1106
=CAT  \\$a12664$b40$c20130610$lBLL01$h1140
=CAT  \\$a7332$b40$c20130702$lBLL01$h1354
=CAT  \\$aWR14.047$c20140417$lBLL01$h1646
=CAT  \\$aW1611-0868$c20161114$lBLL01$h1414
=CAT  \\$aW1711-1225$c20171203$lBLL01$h1053
=FIN  \\$aY$d20130702
=STA  \\$aSUPPRESSED$bunable to determine reason for suppression
=LAS  \\$aW1711-1225$b00$c20171203$lBLL01$h1053

