=LDR  01796 am a2200481 i 4500
=001  016427383
=003  Uk
=005  20131127132830.0
=006  m\\\\||\\d\|\\\\\\
=007  cr\|||||||||||
=008  130610s2012\\\\enka\\\\ob\\\\000\0|eng\\
=FMT  \\$a  BK
=015  \\$aGBB358403$2bnb
=040  \\$aUk$beng$cUk$erda
=042  \\$aukblsr
=082  04$a363.50941$223
=100  1\$aMurray, James$c(Local Councillor),$eauthor.
=245  10$aTime to step in :$bWhy it's no good being hands-off with housing /$cJames Murray.
=264  \1$aLondon :$bCentre for Labour and Social Studies,$c[2012]
=300  \\$a1 online resource (13 pages) :$b1 illustration (colour).
=336  \\$atext$2rdacontent
=337  \\$acomputer$2rdamedia
=338  \\$aonline resource$2rdacarrier
=490  0\$aThink piece
=500  \\$a"October 2012".
=504  \\$aIncludes bibliographical references.
=588  \\$aDescription based on online resource; title from PDF cover page (viewed on July 5, 2013).
=650  \0$aHousing$zGreat Britain.
=650  \0$aHousing policy$zGreat Britain.
=690  7\$aSocial Welfare$2blcoll
=710  2\$aCentre for Labour and Social Studies (Think tank),$eissuing body.
=856  40$uhttp://classonline.org.uk/docs/Time_to_step_in-James_Murray.pdf
=859  \\$aELD$bebook
=852  41$aBritish Library$bHMNTS$jELD Digital store
=CAT  \\$a12664$b40$c20130610$lBLL01$h1107
=CAT  \\$a7332$b40$c20130705$lBLL01$h0842
=CAT  \\$a7332$b40$c20131127$lBLL01$h1328
=CAT  \\$aWR14.047$c20140417$lBLL01$h1646
=CAT  \\$aW1611-0868$c20161114$lBLL01$h1414
=CAT  \\$aW1711-1225$c20171203$lBLL01$h1053
=FIN  \\$aY$d20130705
=STA  \\$aSUPPRESSED$bunable to determine reason for suppression
=LAS  \\$aW1711-1225$b00$c20171203$lBLL01$h1053

