=LDR  01911 am a2200505 i 4500
=001  016427420
=003  Uk
=005  20130705080653.0
=006  m\\\\||\\d\|\\\\\\
=007  cr\|||||||||||
=008  130610s2012\\\\enka\\\\ob\\\\000\0|eng\\
=FMT  \\$a  BK
=015  \\$aGBB358399$2bnb
=040  \\$aUk$beng$cUk$erda
=042  \\$aukblsr
=082  04$a379.260941$223
=100  10$aReay, Diane,$eauthor.
=245  10$aWhat would a socially just education system look like? /$cProf Diane Reay.
=264  \1$aLondon :$bCentre for Labour and Social Studies,$c[2012]
=300  \\$a1 online resource (14 pages) :$b1 illustration (colour).
=336  \\$atext$2rdacontent
=337  \\$acomputer$2rdamedia
=338  \\$aonline resource$2rdacarrier
=490  0\$aThink piece
=500  \\$a"July 2012".
=504  \\$aIncludes bibliographical references.
=588  \\$aDescription based on online resource; title from PDF cover page (viewed on July 5, 2013).
=650  \0$aEducational equalization$zGreat Britain.
=650  \0$aEducation and state$zGreat Britain.
=650  \0$aEducational change$zGreat Britain.
=690  7\$aSocial Welfare$2blcoll
=710  2\$aCentre for Labour and Social Studies (Think tank),$eissuing body.
=856  40$uhttp://classonline.org.uk/docs/2012_Diane_Reay_-_a_socially_just_education_system.pdf
=859  \\$aELD$bebook
=852  41$aBritish Library$bHMNTS$jELD Digital store
=CAT  \\$a12664$b40$c20130610$lBLL01$h1140
=CAT  \\$a7332$b40$c20130705$lBLL01$h0804
=CAT  \\$a7332$b40$c20130705$lBLL01$h0806
=CAT  \\$aWR14.047$c20140417$lBLL01$h1646
=CAT  \\$aW1611-0868$c20161114$lBLL01$h1414
=CAT  \\$aBATCH-UPD$b00$c20161114$lBLL01$h1415
=CAT  \\$aW1711-1225$c20171203$lBLL01$h1053
=FIN  \\$aY$d20130705
=STA  \\$aSUPPRESSED$bunable to determine reason for suppression
=LAS  \\$aW1711-1225$b00$c20171203$lBLL01$h1053

