=LDR  01971 am a2200505 i 4500
=001  016427427
=003  Uk
=005  20130705082527.0
=006  m\\\\||\\d\|\\\\\\
=007  cr\|||||||||||
=008  130610s2012\\\\enka\\\\ob\\\\000\0|eng\\
=FMT  \\$a  BK
=015  \\$aGBB358400$2bnb
=040  \\$aUk$beng$cUk$erda
=042  \\$aukblsr
=082  04$a336.200941$223
=100  1\$aMurphy, Richard,$d1958-$eauthor.
=245  10$aTowards a new tax consensus :$bEmbracing progressive taxation /$cRichard Murphy.
=264  \1$aLondon :$bCentre for Labour and Social Studies,$c[2012]
=300  \\$a1 online resource (51 pages) :$bllustrations (colour).
=336  \\$atext$2rdacontent
=337  \\$acomputer$2rdamedia
=338  \\$aonline resource$2rdacarrier
=490  1\$aPolicy paper
=500  \\$a"May 2012".
=504  \\$aIncludes bibliographical references.
=588  \\$aDescription based on online resource; title from PDF cover page (viewed on July 5, 2013).
=650  \0$aTaxation$zGreat Britain.
=650  \0$aIncome distribution$zGreat Britain.
=650  \0$aFiscal policy$zGreat Britain.
=690  7\$aSocial Welfare$2blcoll
=710  2\$aCentre for Labour and Social Studies (Think tank),$eissuing body.
=830  \0$aPolicy paper (Centre for Labour and Social Studies (Think tank))
=856  40$uhttp://classonline.org.uk/docs/2012.05.24_Richard_Murphy_-_Towards_a_new_tax_consensus_-_embracing_progressive_taxation.pdf
=859  \\$aELD$bebook
=852  41$aBritish Library$bHMNTS$jELD Digital store
=CAT  \\$a12664$b40$c20130610$lBLL01$h1143
=CAT  \\$a7332$b40$c20130705$lBLL01$h0823
=CAT  \\$a7332$b40$c20130705$lBLL01$h0825
=CAT  \\$aWR14.047$c20140417$lBLL01$h1646
=CAT  \\$aW1611-0868$c20161114$lBLL01$h1414
=CAT  \\$aW1711-1225$c20171203$lBLL01$h1053
=FIN  \\$aY$d20130705
=STA  \\$aSUPPRESSED$bunable to determine reason for suppression
=LAS  \\$aW1711-1225$b00$c20171203$lBLL01$h1053

