=LDR  01299 am a22003733i 4500
=001  016427431
=003  Uk
=005  20130711152530.0
=006  m\\\\||\\d\|\\\\\\
=007  cr\|||||||||||
=008  130610s2012\\\\enk\\\\\o\\\\\0|0\0|eng\\
=FMT  \\$a  BK
=040  \\$aUk$beng$cUk$erda
=082  04$a361.250941$223
=245  00$aFiscal austerity :$bThe 'cure' which makes the patient worse.
=264  \1$aLondon :$bThe Centre for Labour and Social Studies - CLASS,$c2012.
=300  \\$a1 online resource
=336  \\$atext$2rdacontent
=337  \\$acomputer$2rdamedia
=338  \\$aonline resource$2rdacarrier
=490  0\$aExecutive Summary
=690  7\$aSocial Welfare$2blcoll
=856  40$uhttp://classonline.org.uk/docs/Executive_Summary_-_Malcolm_Sawyer_May_2012.pdf
=859  \\$aELD$bebook
=852  41$aBritish Library$bHMNTS$jELD Digital store
=CAT  \\$a12664$b40$c20130610$lBLL01$h1146
=CAT  \\$a7332$b40$c20130705$lBLL01$h1118
=CAT  \\$a11279$b40$c20130711$lBLL01$h1525
=CAT  \\$aWR14.047$c20140417$lBLL01$h1646
=CAT  \\$aW1611-0868$c20161114$lBLL01$h1414
=CAT  \\$aW1711-1225$c20171203$lBLL01$h1053
=FIN  \\$aY$d20130705
=STA  \\$aSUPPRESSED$bunable to determine reason for suppression
=LAS  \\$aW1711-1225$b00$c20171203$lBLL01$h1053

