=LDR  01846 am a2200493 i 4500
=001  016427435
=003  Uk
=005  20130705103039.0
=006  m\\\\||\\d\|\\\\\\
=007  cr\|||||||||||
=008  130610s2012\\\\enka\\\\o\\\\\000\0|eng\\
=FMT  \\$a  BK
=015  \\$aGBB358420$2bnb
=040  \\$aUk$beng$cUk$erda
=042  \\$aukblsr
=082  04$a339.2$223
=100  1\$aLansley, Stewart,$eauthor.
=245  10$aRising inequality and financial crises :$bWhy greater equality is essential for recovery /$cStewart Lansley.
=264  \1$aLondon :$bCentre for Labour and Social Studies,$c[2012]
=300  \\$a1 online resource (9 pages) :$b1 illustration (black and white).
=336  \\$atext$2rdacontent
=337  \\$acomputer$2rdamedia
=338  \\$aonline resource$2rdacarrier
=490  0\$aThink piece
=500  \\$a"July 2012".
=588  \\$aDescription based on online resource; title from PDF cover page (viewed on July 5, 2013).
=650  \0$aIncome distribution.
=650  \0$aEconomic policy.
=650  \0$aEquality$zGreat Britain.
=650  \0$aEconomic development$xResearch.
=650  \0$aGlobal Financial Crisis, 2008-2009.
=690  7\$aSocial Welfare$2blcoll
=710  2\$aCentre for Labour and Social Studies (Think tank),$eissuing body.
=856  40$uhttp://classonline.org.uk/docs/2012.05.09_Class_Think_Piece_-_Stewart_Lansley.pdf
=859  \\$aELD$bebook
=852  41$aBritish Library$bHMNTS$jELD Digital store
=CAT  \\$a12664$b40$c20130610$lBLL01$h1148
=CAT  \\$a7332$b40$c20130705$lBLL01$h1030
=CAT  \\$aWR14.047$c20140417$lBLL01$h1646
=CAT  \\$aW1611-0868$c20161114$lBLL01$h1414
=CAT  \\$aW1711-1225$c20171203$lBLL01$h1053
=FIN  \\$aY$d20130705
=STA  \\$aSUPPRESSED$bunable to determine reason for suppression
=LAS  \\$aW1711-1225$b00$c20171203$lBLL01$h1053

