=LDR  01030 am a22003013i 4500
=001  016427445
=003  Uk
=005  20130610115703.0
=006  m\\\\||\\d\|\\\\\\
=007  cr\|||||||||||
=008  130610s2010\\\\enk\\\\\o\\\\\0|0\0|eng\\
=FMT  \\$a  BK
=245  \0$aFaiths, Social Action and Big Society.
=264  \1$aLondon :$bFaith Based Regeneration Network UK,$c2010.
=336  \\$atext$2rdacontent
=337  \\$acomputer$2rdamedia
=338  \\$aonline resource$2rdacarrier
=690  7\$aSocial Welfare$2blcoll
=856  40$uhttp://www.fbrn.org.uk/files/FbRN%20conference%202010.pdf
=859  \\$aELD$bebook
=852  41$aBritish Library$bHMNTS$jELD Digital store
=CAT  \\$a12664$b40$c20130610$lBLL01$h1154
=CAT  \\$a12664$b40$c20130610$lBLL01$h1157
=CAT  \\$aWR14.047$c20140417$lBLL01$h1646
=CAT  \\$aW1611-0868$c20161114$lBLL01$h1414
=CAT  \\$aW1711-1225$c20171203$lBLL01$h1053
=STA  \\$aSUPPRESSED$bunable to determine reason for suppression
=LAS  \\$aW1711-1225$b00$c20171203$lBLL01$h1053

