=LDR  01854 am a2200481 i 4500
=001  016427452
=003  Uk
=005  20131108102250.0
=006  m\\\\||\\d\|\\\\\\
=007  cr\|||||||||||
=008  130610s2010\\\\enka\\\\ob\\\\000\0|eng\\
=FMT  \\$a  BK
=015  \\$aGBB370474$2bnb
=020  \\$z0954729455
=040  \\$aUk$beng$cUk$erda
=042  \\$aukblsr
=082  04$a361.75$223
=100  1\$aWinter, Jane$c(Writer on faith based social action),$eauthor.
=245  10$aPractical spirit :$bInteractive project development for faith based organisations involved in social action /$cJane Winter.
=264  \1$aLondon :$bFaith Based Regeneration Network UK,$c2010.
=300  \\$a1 online resource (38 pages) :$billustrations (colour)
=336  \\$atext$2rdacontent
=337  \\$acomputer$2rdamedia
=338  \\$aonline resource$2rdacarrier
=504  \\$aIncludes bibliographical references.
=588  \\$aDescription based on online resource; title from PDF cover page (viewed on August 9, 2013).
=650  \0$aReligion and social problems$zGreat Britain.
=650  \0$aSocial action$vCase studies.
=690  7\$aSocial Welfare$2blcoll
=710  2\$aFaith Based Regeneration Network,$epublisher.
=856  40$uhttp://www.fbrn.org.uk/files/practical-spirit-web.pdf
=859  \\$aELD$bebook
=852  41$aBritish Library$bHMNTS$jELD Digital store
=CAT  \\$a12664$b40$c20130610$lBLL01$h1159
=CAT  \\$a12664$b40$c20130610$lBLL01$h1202
=CAT  \\$a7332$b40$c20130809$lBLL01$h0837
=CAT  \\$a7332$b40$c20131108$lBLL01$h1022
=CAT  \\$aWR14.047$c20140417$lBLL01$h1646
=CAT  \\$aW1611-0868$c20161114$lBLL01$h1414
=CAT  \\$aW1711-1225$c20171203$lBLL01$h1053
=FIN  \\$aY$d20130809
=STA  \\$aSUPPRESSED$bunable to determine reason for suppression
=LAS  \\$aW1711-1225$b00$c20171203$lBLL01$h1053

