=LDR  01139 am a22002893i 4500
=001  016427454
=003  Uk
=005  20130610120150.0
=006  m\\\\||\\d\|\\\\\\
=007  cr\|||||||||||
=008  130610s2008\\\\enk\\\\\o\\\\\0|0\0|eng\\
=FMT  \\$a  BK
=245  \0$aFAITH BASED REGENERATION NETWORK UK Report for Communities and Local Government in connection with the CLG Framework for Inter Faith Dialogue and Social Action :$bFace-to-Face and Side-by-Side.
=264  \1$aLondon :$bFaith Based Regeneration Network UK,$c2008.
=336  \\$atext$2rdacontent
=337  \\$acomputer$2rdamedia
=338  \\$aonline resource$2rdacarrier
=690  7\$aSocial Welfare$2blcoll
=856  40$uhttp://www.fbrn.org.uk/sites/default/files/fbrn-report_0.pdf
=859  \\$aELD$bebook
=852  41$aBritish Library$bHMNTS$jELD Digital store
=CAT  \\$a12664$b40$c20130610$lBLL01$h1201
=CAT  \\$aWR14.047$c20140417$lBLL01$h1646
=CAT  \\$aW1611-0868$c20161114$lBLL01$h1414
=CAT  \\$aW1711-1225$c20171203$lBLL01$h1053
=STA  \\$aSUPPRESSED$bunable to determine reason for suppression
=LAS  \\$aW1711-1225$b00$c20171203$lBLL01$h1053

