=LDR  02178 am a2200517 i 4500
=001  016427489
=003  Uk
=005  20130918075618.0
=006  m\\\\||\\d\|\\\\\\
=007  cr\|||||||||||
=008  130610s2012\\\\enk\\\\\ob\\\\0|0\0|eng\\
=FMT  \\$a  BK
=015  \\$aGBB381340$2bnb
=020  \\$z9781908523747
=040  \\$aUk$beng$cUk$erda
=042  \\$aukblsr
=082  04$a361.370942$223
=100  1\$aFujiwara, Daniel,$eauthor.
=245  10$aWellbeing and civil society :$bEstimating the value of volunteering using subjective wellbeing data /$cDaniel Fujiwara, Paul Oroyemi and Ewen McKinnon.
=264  \1$aLondon :$bDepartment for Work and Pensions,$c2012.
=300  \\$a1 online resource (26 pages) :$billustrations (black and white).
=336  \\$atext$2rdacontent
=337  \\$acomputer$2rdamedia
=338  \\$aonline resource$2rdacarrier
=490  1\$aWorking paper ;$vNo 112
=500  \\$aA report of research carried out by the Department for Work and Pensions and the Cabinet Office.
=504  \\$aIncludes bibliographical references.
=588  \\$aDescription based on online resource; title from PDF cover page (viewed on September 6, 2013).
=650  \0$aVoluntarism$zGreat Britain.
=690  7\$aSocial Welfare$2blcoll
=700  1\$aOroyemi, Paul,$eauthor.
=700  1\$aMcKinnon, Ewen,$eauthor.
=710  1\$aGreat Britain.$bDepartment for Work and Pensions,$eissuing body.
=830  \0$aWorking paper (Great Britain. Department for Work and Pensions) ;$vno. 112.
=856  40$uhttps://www.gov.uk/government/uploads/system/uploads/attachment_data/file/175396/DWP_wellbeing_civil_society.pdf
=859  \\$aELD$bebook
=852  41$aBritish Library$bHMNTS$jELD Digital store
=CAT  \\$a12664$b40$c20130610$lBLL01$h1312
=CAT  \\$a12664$b40$c20130610$lBLL01$h1313
=CAT  \\$a7332$b40$c20130906$lBLL01$h1428
=CAT  \\$a7332$b40$c20130918$lBLL01$h0756
=CAT  \\$aWR14.047$c20140417$lBLL01$h1646
=CAT  \\$aW1611-0868$c20161114$lBLL01$h1414
=CAT  \\$aW1711-1225$c20171203$lBLL01$h1053
=STA  \\$aSUPPRESSED$bunable to determine reason for suppression
=LAS  \\$aW1711-1225$b00$c20171203$lBLL01$h1053

