=LDR  02246 am a2200541 i 4500
=001  016427492
=003  Uk
=005  20130625140541.0
=006  m\\\\||\\d\|\\\\\\
=007  cr\|||||||||||
=008  130610s2013\\\\enka\\\\ob\\\|0|0\0|eng\\
=FMT  \\$a  BK
=015  \\$aGBB355792$2bnb
=020  \\$z9781781534717
=040  \\$aUk$beng$cUk$erda
=042  \\$aukblsr
=082  04$a353.540941$223
=100  1\$aClitheroe, Faye,$eauthor.
=245  13$aAn evaluation of the Jobseeker's Allowance (JSA) Online Digital Trailblazers (One, Two and Three) /$cFaye Clitheroe, Phil Cook and Steven Tulloch.
=264  \1$aLondon :$bDepartment for Work and Pensions,$cMay 2013.
=300  \\$a1 online resource (86 pages) :$billustrations (colour).
=336  \\$atext$2rdacontent
=337  \\$acomputer$2rdamedia
=338  \\$aonline resource$2rdacarrier
=490  0\$aIn-house research ;$vno 15
=500  \\$a"A report of research carried out by the Department for Work and Pensions."
=504  \\$aIncludes bibliographical references.
=588  \\$aDescription based on online resource; title from PDF cover page (viewed on June 25, 2013).
=650  \0$aUnemployment insurance claimants$xServices for$zGreat Britain.
=650  \0$aUnemployment insurance claimants$zGreat Britain$xAttitudes.
=650  \0$aUnemployment insurance$zGreat Britain$xAutomation.
=650  \0$aUnemployed$xServices for$zGreat Britain$xEvaluation.
=700  1\$aCook, Phil$c(Policy analyst),$eauthor.
=700  1\$aTulloch, Steven,$eauthor.
=710  1\$aGreat Britain.$bDepartment for Work and Pensions,$eauthor.
=856  40$uhttp://research.dwp.gov.uk/asd/asd5/ih2013-2014/ihr15.pdf
=859  \\$aELD$bebook
=852  41$aBritish Library$bHMNTS$jELD Digital store
=CAT  \\$a12664$b40$c20130610$lBLL01$h1317
=CAT  \\$a12664$b40$c20130610$lBLL01$h1320
=CAT  \\$a8141$b40$c20130625$lBLL01$h0848
=CAT  \\$a7332$b40$c20130625$lBLL01$h1405
=CAT  \\$aWR14.047$c20140417$lBLL01$h1646
=CAT  \\$aW1611-0868$c20161114$lBLL01$h1414
=CAT  \\$aW1711-1225$c20171203$lBLL01$h1053
=FIN  \\$aY$d20130625
=STA  \\$aSUPPRESSED$bunable to determine reason for suppression
=LAS  \\$aW1711-1225$b00$c20171203$lBLL01$h1053

