=LDR  02122 am a2200529 i 4500
=001  016427494
=003  Uk
=005  20130710163137.0
=006  m\\\\||\\d\|\\\\\\
=007  cr\|||||||||||
=008  130610s2013\\\\enka\\\\ob\\\|0|0\0|eng\\
=FMT  \\$a  BK
=015  \\$aGBB355845$2bnb
=020  \\$z9781781533604
=040  \\$aUk$beng$cUk$erda
=042  \\$aukblsr
=082  04$a331.2520941$223
=110  2\$aGfK NOP,$eauthor.
=245  10$aPensions portfolio :$bcommunications tracking research.
=264  \1$a[London] :$b[Department for Work and Pensions],$cJanuary 2013.
=300  \\$a1 online resource (49 pages) :$b1 illustration (colour).
=336  \\$atext$2rdacontent
=337  \\$acomputer$2rdamedia
=338  \\$aonline resource$2rdacarrier
=490  1\$aResearch report ;$v8
=500  \\$a"March 2012."
=504  \\$aIncludes bibliographical references.
=588  \\$aDescription based on online resource; title from PDF cover page (viewed on June 25, 2013).
=650  \0$aPensions$zGreat Britain$xPublic opinion.
=650  \0$aRetirement income$zGreat Britain$xPlanning$xPublic opinion.
=650  \0$aAdvertising campaigns$zGreat Britain$xEvaluation.
=650  \0$aPublic opinion$zGreat Britain.
=710  1\$aGreat Britain.$bDWP Professional Services Group.
=710  1\$aGreat Britain.$bDepartment for Work and Pensions.
=830  \0$aResearch report (Great Britain. Department for Work and Pensions) ;$v8.
=856  40$uhttps://www.gov.uk/government/uploads/system/uploads/attachment_data/file/193087/pensions-later-life-communications-research-march-2012.pdf
=859  \\$aELD$bebook
=852  41$aBritish Library$bHMNTS$jELD Digital store
=CAT  \\$a12664$b40$c20130610$lBLL01$h1324
=CAT  \\$a8141$b40$c20130625$lBLL01$h1425
=CAT  \\$a7332$b40$c20130710$lBLL01$h1631
=CAT  \\$aWR14.047$c20140417$lBLL01$h1646
=CAT  \\$aW1611-0868$c20161114$lBLL01$h1414
=CAT  \\$aW1711-1225$c20171203$lBLL01$h1053
=FIN  \\$aY$d20130625
=STA  \\$aSUPPRESSED$bunable to determine reason for suppression
=LAS  \\$aW1711-1225$b00$c20171203$lBLL01$h1053

