=LDR  01693 am a2200421 i 4500
=001  016427505
=003  Uk
=005  20130626084011.0
=006  m\\\\||\\d\|\\\\\\
=007  cr\|||||||||||
=008  130610s2013\\\\enk\\\\\o\\\\|0|0\0|eng\\
=FMT  \\$a  BK
=015  \\$aGBB356257$2bnb
=020  \\$z9781781532720
=040  \\$aUk$beng$cUk$erda
=042  \\$aukblsr
=082  04$a344.4101252$223
=110  1\$aGreat Britain.$bDepartment for Work and Pensions,$eauthor.
=245  14$aThe Occupational and Stakeholder Pension Schemes (Miscellaneous Amendment) Regulations 2013 :$bGovernment response to public consultations.
=264  \1$aLondon :$bDepartment for Work and Pensions,$cMarch 2013.
=300  \\$a1 online resource (23 pages)
=336  \\$atext$2rdacontent
=337  \\$acomputer$2rdamedia
=338  \\$aonline resource$2rdacarrier
=588  \\$aDescription based on online resource; title from PDF cover page (viewed on June 26, 2013).
=650  \0$aPensions$xLaw and legislation$zGreat Britain.
=650  \0$aPensions$xGovernment policy$zGreat Britain.
=856  40$uhttps://www.gov.uk/government/uploads/system/uploads/attachment_data/file/184074/occ-pen-schemes-misc-amend-regs-2013-response.pdf
=859  \\$aELD$bebook
=852  41$aBritish Library$bHMNTS$jELD Digital store
=CAT  \\$a12664$b40$c20130610$lBLL01$h1339
=CAT  \\$a8141$b40$c20130626$lBLL01$h0840
=CAT  \\$aWR14.047$c20140417$lBLL01$h1646
=CAT  \\$aW1611-0868$c20161114$lBLL01$h1414
=CAT  \\$aW1711-1225$c20171203$lBLL01$h1053
=FIN  \\$aY$d20130626
=STA  \\$aSUPPRESSED$bunable to determine reason for suppression
=LAS  \\$aW1711-1225$b00$c20171203$lBLL01$h1053

