=LDR  01884 am a2200469 i 4500
=001  016427517
=003  Uk
=005  20130625123906.0
=006  m\\\\||\\d\|\\\\\\
=007  cr\|||||||||||
=008  130610s2012\\\\enka\\\\ob\\\|0|0\0|eng\\
=FMT  \\$a  BK
=015  \\$aGBB355830$2bnb
=020  \\$z9781781530757
=040  \\$aUk$beng$cUk$erda
=042  \\$aukblsr
=082  04$a362.40941$223
=110  1\$aGreat Britain.$bDepartment for Work and Pensions,$eauthor.
=245  10$aFulfilling potential.$pThe discussions so far.
=264  \1$a[London] :$bDepartment for Work and Pensions,$c[2012]
=300  \\$a1 online resource (138 pages) :$billustrations (colour)
=336  \\$atext$2rdacontent
=337  \\$acomputer$2rdamedia
=338  \\$aonline resource$2rdacarrier
=500  \\$a"Working together to enable disabled people to fulfil their potential and have opportunities to play a full role in society."
=500  \\$a"September 2012."
=504  \\$aIncludes bibliographical references.
=588  \\$aDescription based on online resource; title from PDF cover page (viewed on June 25, 2013).
=650  \0$aPeople with disabilities$xServices for$zGreat Britain.
=650  \0$aPeople with disabilities$xGovernment policy$zGreat Britain.
=856  40$uhttp://odi.dwp.gov.uk/docs/fulfilling-potential/fulfilling-potential-discussion-so-far.pdf
=859  \\$aELD$bebook
=852  41$aBritish Library$bHMNTS$jELD Digital store
=CAT  \\$a12664$b40$c20130610$lBLL01$h1352
=CAT  \\$a8141$b40$c20130625$lBLL01$h1200
=CAT  \\$a8141$b40$c20130625$lBLL01$h1239
=CAT  \\$aWR14.047$c20140417$lBLL01$h1646
=CAT  \\$aW1611-0868$c20161114$lBLL01$h1414
=CAT  \\$aW1711-1225$c20171203$lBLL01$h1053
=FIN  \\$aY$d20130625
=STA  \\$aSUPPRESSED$bunable to determine reason for suppression
=LAS  \\$aW1711-1225$b00$c20171203$lBLL01$h1053

