=LDR  01709 am a2200445 i 4500
=001  016427526
=003  Uk
=005  20130702144205.0
=006  m\\\\||\\d\|\\\\\\
=007  cr\|||||||||||
=008  130610s2012\\\\enk\\\\\o\\\\|0|0\0|eng\\
=FMT  \\$a  BK
=015  \\$aGBB356767$2bnb
=020  \\$z9781781530696
=040  \\$aUk$beng$cUk$erda
=042  \\$aukblsr
=082  04$a303.3720941$223
=245  00$aSocial justice communications :$bfeedback from advisers and intermediaries.
=264  \1$a[London] :$bDepartment for Work and Pensions,$cJune 2012.
=300  \\$a1 online resource (14 pages)
=336  \\$atext$2rdacontent
=337  \\$acomputer$2rdamedia
=338  \\$aonline resource$2rdacarrier
=588  \\$aDescription based on online resource; title from PDF cover page (viewed on July 2, 2013).
=650  \0$aSocial justice$zGreat Britain.
=650  \0$aSocial justice$xGovernment policy$zGreat Britain.
=650  \0$aPublic opinion$zGreat Britain.
=710  1\$aGreat Britain.$bDepartment for Work and Pensions,$eissuing body.
=856  40$uhttps://www.gov.uk/government/uploads/system/uploads/attachment_data/file/187586/social-justice-research-8-june12.pdf
=859  \\$aELD$bebook
=852  41$aBritish Library$bHMNTS$jELD Digital store
=CAT  \\$a12664$b40$c20130610$lBLL01$h1358
=CAT  \\$a12664$b40$c20130610$lBLL01$h1401
=CAT  \\$a8141$b40$c20130702$lBLL01$h1442
=CAT  \\$aWR14.047$c20140417$lBLL01$h1646
=CAT  \\$aW1611-0868$c20161114$lBLL01$h1414
=CAT  \\$aW1711-1225$c20171203$lBLL01$h1053
=FIN  \\$aY$d20130702
=STA  \\$aSUPPRESSED$bunable to determine reason for suppression
=LAS  \\$aW1711-1225$b00$c20171203$lBLL01$h1053

