=LDR  01725 am a2200445 i 4500
=001  016427538
=003  Uk
=005  20130625110844.0
=006  m\\\\||\\d\|\\\\\\
=007  cr\|||||||||||
=008  130610s2012\\\\enka\\\\o\\\\|0|0\0|eng\\
=FMT  \\$a  BK
=015  \\$aGBB355819$2bnb
=020  \\$z9781781532348
=040  \\$aUk$beng$cUk$erda
=042  \\$aukblsr
=082  04$a362.40941$223
=110  1\$aGreat Britain.$bDisability and Carers Service,$eauthor.
=245  10$aDisability and Carers Service :$bcustomer Information.
=264  \1$a[London] :$bDepartment for Work & Pensions,$c[2012]
=300  \\$a1 online resource (15 pages) :$billustrations (black and white)
=336  \\$atext$2rdacontent
=337  \\$acomputer$2rdamedia
=338  \\$aonline resource$2rdacarrier
=500  \\$a"November 2012."
=588  \\$aDescription based on online resource; title from PDF cover page (viewed on June 25, 2013).
=610  10$aGreat Britain.$bDisability and Carers Service.
=650  \0$aPeople with disabilities$xServices for$zGreat Britain.
=650  \0$aCaregivers$xServices for$zGreat Britain.
=856  40$uhttps://www.gov.uk/government/uploads/system/uploads/attachment_data/file/183541/wpr-rev-implementation-con-response.pdf
=859  \\$aELD$bebook
=852  41$aBritish Library$bHMNTS$jELD Digital store
=CAT  \\$a12664$b40$c20130610$lBLL01$h1408
=CAT  \\$a8141$b40$c20130625$lBLL01$h1108
=CAT  \\$aWR14.047$c20140417$lBLL01$h1646
=CAT  \\$aW1611-0868$c20161114$lBLL01$h1414
=CAT  \\$aW1711-1225$c20171203$lBLL01$h1053
=FIN  \\$aY$d20130625
=STA  \\$aSUPPRESSED$bunable to determine reason for suppression
=LAS  \\$aW1711-1225$b00$c20171203$lBLL01$h1053

