=LDR  01916 am a2200457 i 4500
=001  016427543
=003  Uk
=005  20130702134957.0
=006  m\\\\||\\d\|\\\\\\
=007  cr\|||||||||||
=008  130610s2012\\\\enka\\\\ob\\\|0|0\0|eng\\
=FMT  \\$a  BK
=015  \\$aGBB356761$2bnb
=020  \\$z9781781532294
=040  \\$aUk$beng$cUk$erda
=042  \\$aukblsr
=082  04$a331.2520941$223
=110  1\$aGreat Britain.$bDepartment for Work and Pensions,$eauthor.
=245  10$aSupporting automatic enrolment :$ba call for evidence on the impact of the annual contribution limit and the restrictions on transfers on the National Employment Savings Trust.
=264  \1$a[London] :$bDepartment for Work and Pensions,$cNovember 2012.
=300  \\$a1 online resource (44 pages) :$billustrations (colour)
=336  \\$atext$2rdacontent
=337  \\$acomputer$2rdamedia
=338  \\$aonline resource$2rdacarrier
=504  \\$aIncludes bibliographical references.
=588  \\$aDescription based on online resource; title from PDF cover page (viewed on July 2, 2013).
=610  20$aNational Employment Savings Trust (Great Britain)
=650  \0$aDefined contribution pension plans$xGovernment policy$zGreat Britain.
=650  \0$aPensions$zGreat Britain.
=710  2\$aNational Employment Savings Trust (Great Britain)
=856  40$uhttps://www.gov.uk/government/uploads/system/uploads/attachment_data/file/176979/nest-automatic-
=859  \\$aELD$bebook
=852  41$aBritish Library$bHMNTS$jELD Digital store
=CAT  \\$a12664$b40$c20130610$lBLL01$h1413
=CAT  \\$a8141$b40$c20130702$lBLL01$h1349
=CAT  \\$aWR14.047$c20140417$lBLL01$h1646
=CAT  \\$aW1611-0868$c20161114$lBLL01$h1414
=CAT  \\$aW1711-1225$c20171203$lBLL01$h1053
=FIN  \\$aY$d20130702
=STA  \\$aSUPPRESSED$bunable to determine reason for suppression
=LAS  \\$aW1711-1225$b00$c20171203$lBLL01$h1053

