=LDR  01724 am a2200457 i 4500
=001  016427558
=003  Uk
=005  20130628132855.0
=006  m\\\\||\\d\|\\\\\\
=007  cr\|||||||||||
=008  130610s2013\\\\enka\\\\ob\\\\000\0|eng\\
=FMT  \\$a  BK
=015  \\$aGBB356482$2bnb
=020  \\$z1909447013
=040  \\$aUk$beng$cUk$erda
=042  \\$aukblsr
=082  04$a303.4833$223
=100  1\$aWhite, Douglas,$d1981-$eauthor.
=245  10$aAcross the Divide :$bTackling Digital Exclusion in Glasgow /$cDouglas White.
=264  \1$aDunfermline :$bCarnegie UK Trust,$c[2013]
=300  \\$a1 online resource (33 pages) :$billustrations (colour)
=336  \\$atext$2rdacontent
=337  \\$acomputer$2rdamedia
=338  \\$aonline resource$2rdacarrier
=504  \\$aIncludes bibliographical references.
=588  \\$aDescription based on online resource; title from PDF caption title (viewed on June 28, 2013).
=650  \0$aDigital divide$zScotland$zGlasgow.
=650  \0$aDigital media$xSocial aspects$zScotland$zGlasgow.
=690  7\$aSocial Welfare$2blcoll
=710  2\$aCarnegie United Kingdom Trust,$epublisher.
=856  40$uhttp://www.carnegieuktrust.org.uk/CMSPages/GetFile.aspx?guid=50915777-d807-4561-9527-b45aee5d5014
=859  \\$aELD$bebook
=852  41$aBritish Library$bHMNTS$jELD Digital store
=CAT  \\$a12664$b40$c20130610$lBLL01$h1430
=CAT  \\$a7332$b40$c20130628$lBLL01$h1328
=CAT  \\$aWR14.047$c20140417$lBLL01$h1646
=CAT  \\$aW1611-0868$c20161114$lBLL01$h1414
=CAT  \\$aW1711-1225$c20171203$lBLL01$h1053
=FIN  \\$aY$d20130628
=STA  \\$aSUPPRESSED$bunable to determine reason for suppression
=LAS  \\$aW1711-1225$b00$c20171203$lBLL01$h1053

