=LDR  02001 am a2200505 i 4500
=001  016427562
=003  Uk
=005  20131127140639.0
=006  m\\\\||\\d\|\\\\\\
=007  cr\|||||||||||
=008  130610s2013\\\\enka\\\\ob\\\\000\0|eng\\
=FMT  \\$a  BK
=015  \\$aGBB356748$2bnb
=020  \\$z9781909447004
=040  \\$aUk$beng$cUk$erda
=042  \\$aukblsr
=082  04$a303.4833$223
=100  1\$aHeery, Daniel,$eauthor.
=245  10$aGoing the Last Mile :$bhow can broadband reach the final 10% /$ca discussion paper by Daniel Heery and Douglas White.
=264  \1$aDunfermline :$bCarnegie UK Trust,$c2013.
=300  \\$a1 online resource (13 pages) :$billustrations (colour)
=336  \\$atext$2rdacontent
=337  \\$acomputer$2rdamedia
=338  \\$aonline resource$2rdacarrier
=504  \\$aIncludes bibliographical references.
=588  \\$aDescription based on online resource; title from PDF caption title (viewed on June 28, 2013).
=650  \0$aDigital divide$zGreat Britain.
=650  \0$aBroadband communication systems$zGreat Britain.
=650  \0$aRural telecommunication$zGreat Britain.
=690  7\$aSocial Welfare$2blcoll
=700  1\$aWhite, Douglas,$d1981-$eauthor.
=710  2\$aCarnegie United Kingdom Trust,$epublisher.
=710  2\$aCommunity Broadband Network Limited.
=856  40$uhttp://www.carnegieuktrust.org.uk/getattachment/a88d402f-26c9-4f74-9f53-24e10c8e74d3/Going-the-Last-Mile---How-can-broadband-reach-the-.aspx
=859  \\$aELD$bebook
=852  41$aBritish Library$bHMNTS$jELD Digital store
=CAT  \\$a12664$b40$c20130610$lBLL01$h1433
=CAT  \\$a7332$b40$c20130702$lBLL01$h1134
=CAT  \\$a7332$b40$c20131127$lBLL01$h1406
=CAT  \\$aWR14.047$c20140417$lBLL01$h1646
=CAT  \\$aW1611-0868$c20161114$lBLL01$h1414
=CAT  \\$aW1711-1225$c20171203$lBLL01$h1053
=FIN  \\$aY$d20130702
=STA  \\$aSUPPRESSED$bunable to determine reason for suppression
=LAS  \\$aW1711-1225$b00$c20171203$lBLL01$h1053

