=LDR  01281 am a22003613i 4500
=001  016427565
=003  Uk
=005  20130705125551.0
=006  m\\\\||\\d\|\\\\\\
=007  cr\|||||||||||
=008  130610s2013\\\\enk\\\\\o\\\\\0|0\0|eng\\
=FMT  \\$a  BK
=020  \\$z9781909447004
=082  04$a333.79$223
=245  \0$aSmart Metering Prepayment in Great Britain :$bMaking prepaid energy work in a smart world.
=264  \1$aLondon :$bConsumer Focus,$c2013.
=336  \\$atext$2rdacontent
=337  \\$acomputer$2rdamedia
=338  \\$aonline resource$2rdacarrier
=500  \\$a"12-3540 / 11-5376."
=500  \\$aConsumer Focus and Accenture Executive Summary.
=690  7\$aSocial Welfare$2blcoll
=856  40$uhttp://www.consumerfocus.org.uk/files/2013/03/Smart-Metering-Prepayment-in-Great-Britain.pdf
=859  \\$aELD$bebook
=852  41$aBritish Library$bHMNTS$jELD Digital store
=CAT  \\$a12664$b40$c20130610$lBLL01$h1436
=CAT  \\$a7332$b40$c20130705$lBLL01$h1255
=CAT  \\$aWR14.047$c20140417$lBLL01$h1646
=CAT  \\$aW1611-0868$c20161114$lBLL01$h1414
=CAT  \\$aW1711-1225$c20171203$lBLL01$h1053
=FIN  \\$aY$d20130705
=STA  \\$aSUPPRESSED$bunable to determine reason for suppression
=LAS  \\$aW1711-1225$b00$c20171203$lBLL01$h1053

