=LDR  01869 am a2200481 i 4500
=001  016427574
=003  Uk
=005  20131028100730.0
=006  m\\\\||\\d\|\\\\\\
=007  cr\|||||||||||
=008  130610s2013\\\\enka\\\\o\\\\\000\0|eng\\
=FMT  \\$a  BK
=015  \\$aGBB360850$2bnb
=040  \\$aUk$beng$cUk$erda
=042  \\$aukblsr
=082  04$a362.70942$223
=245  00$aKeeping out of trouble :$bChildren's views reported by the Children's Rights Director for England.
=264  \1$aManchester :$bOfsted,$c[2013]
=300  \\$a1 online resource (28 pages) :$billustrations (colour)
=336  \\$atext$2rdacontent
=337  \\$acomputer$2rdamedia
=338  \\$aonline resource$2rdacarrier
=588  \\$aTitle from PDF cover page (viewed on July 12, 2012).
=650  \0$aChildren$xInstitutional care$zEngland.
=650  \0$aChildren$zEngland$xAttitudes.
=650  \0$aYouth$xConduct of life.
=650  \0$aResponsibility in adolescence.
=690  7\$aSocial Welfare$2blcoll
=710  1\$aGreat Britain.$bOffice for Standards in Education, Children's Services and Skills (England),$eissuing body.
=856  40$uhttp://www.ofsted.gov.uk/sites/default/files/documents/surveys-and-good-practice/k/Keeping%20out%20of%20trouble.pdf
=859  \\$aELD$bebook
=852  41$aBritish Library$bHMNTS$jELD Digital store
=CAT  \\$a12664$b40$c20130610$lBLL01$h1442
=CAT  \\$a12664$b40$c20130610$lBLL01$h1444
=CAT  \\$a7332$b40$c20130712$lBLL01$h1258
=CAT  \\$a7332$b40$c20130712$lBLL01$h1306
=CAT  \\$a7332$b40$c20131028$lBLL01$h1007
=CAT  \\$aWR14.047$c20140417$lBLL01$h1646
=CAT  \\$aW1611-0868$c20161114$lBLL01$h1414
=CAT  \\$aW1711-1225$c20171203$lBLL01$h1053
=FIN  \\$aY$d20130712
=STA  \\$aSUPPRESSED$bunable to determine reason for suppression
=LAS  \\$aW1711-1225$b00$c20171203$lBLL01$h1053

