=LDR  01735 am a2200457 i 4500
=001  016427580
=003  Uk
=005  20160915113928.0
=006  m\\\\||\\d\|\\\\\\
=007  cr\|||||||||||
=008  130610s2013\\\\enka\\\\ob\\\\000\0|eng\\
=FMT  \\$a  BK
=015  \\$aGBB360834$2bnb
=040  \\$aUk$beng$cUk$dUk$erda
=042  \\$aukblsr
=082  04$a302.2244$223
=245  00$aImproving literacy in secondary schools :$ba shared responsibility.
=264  \1$aManchester :$bOfsted,$cApril 2013.
=300  \\$a1 online resource (43 pages) :$billustrations (colour)
=336  \\$atext$2rdacontent
=337  \\$acomputer$2rdamedia
=338  \\$aonline resource$2rdacarrier
=500  \\$a"Reference no: 120363."
=504  \\$aIncludes bibliographical references.
=588  \\$aTitle from PDF caption title (viewed on July 12, 2012).
=650  \0$aEducation, Secondary$zGreat Britain.
=650  \0$aLiteracy$zGreat Britain.
=690  7\$aSocial Welfare$2blcoll
=710  1\$aGreat Britain.$bOffice for Standards in Education (England),$eissuing body.
=856  40$uhttp://www.ofsted.gov.uk/sites/default/files/documents/surveys-and-good-practice/i/Improving%20literacy%20in%20secondary%20schools.pdf
=859  \\$aELD$bebook
=852  41$aBritish Library$bHMNTS$jELD Digital store
=CAT  \\$a12664$b40$c20130610$lBLL01$h1446
=CAT  \\$a7332$b44$c20130712$lBLL01$h1144
=CAT  \\$aWR14.047$c20140417$lBLL01$h1646
=CAT  \\$a11279$b40$c20160915$lBLL01$h1139
=CAT  \\$aW1611-0868$c20161114$lBLL01$h1414
=CAT  \\$aW1711-1225$c20171203$lBLL01$h1053
=FIN  \\$aY$d20130712
=STA  \\$aSUPPRESSED$bunable to determine reason for suppression
=LAS  \\$aW1711-1225$b00$c20171203$lBLL01$h1053

