=LDR  01759 am a2200457 i 4500
=001  016427587
=003  Uk
=005  20131028100807.0
=006  m\\\\||\\d\|\\\\\\
=007  cr\|||||||||||
=008  130610s2013\\\\enk\\\\\ob\\\\000\0|eng\\
=FMT  \\$a  BK
=015  \\$aGBB360821$2bnb
=040  \\$aUk$beng$cUk$erda
=042  \\$aukblsr
=082  04$a372.210941$223
=245  00$aGood early years provision for all :$bconsultation document.
=264  \1$aManchester :$bOfsted,$cApril 2013.
=300  \\$a1 online resource (19 pages)
=336  \\$atext$2rdacontent
=337  \\$acomputer$2rdamedia
=338  \\$aonline resource$2rdacarrier
=500  \\$a"Reference no: 130133."
=504  \\$aIncludes bibliographical references.
=588  \\$aTitle from PDF caption title (viewed on July 12, 2012).
=650  \0$aEarly childhood education$zGreat Britain$xEvaluation.
=650  \0$aSchool management and organization$zGreat Britain.
=690  7\$aSocial Welfare$2blcoll
=710  1\$aGreat Britain.$bOffice for Standards in Education, Children's Services and Skills (England),$eissuing body.
=856  40$uhttp://www.ofsted.gov.uk/sites/default/files/documents/consultations/g/Good%20early%20years%20provision%20for%20all.pdf
=859  \\$aELD$bebook
=852  41$aBritish Library$bHMNTS$jELD Digital store
=CAT  \\$a12664$b40$c20130610$lBLL01$h1452
=CAT  \\$a7332$b40$c20130712$lBLL01$h1113
=CAT  \\$a7332$b40$c20131028$lBLL01$h1008
=CAT  \\$aWR14.047$c20140417$lBLL01$h1646
=CAT  \\$aW1611-0868$c20161114$lBLL01$h1414
=CAT  \\$aW1711-1225$c20171203$lBLL01$h1053
=FIN  \\$aY$d20130712
=STA  \\$aSUPPRESSED$bunable to determine reason for suppression
=LAS  \\$aW1711-1225$b00$c20171203$lBLL01$h1053

