=LDR  02306 am a2200541 i 4500
=001  016430889
=003  Uk
=005  20130625154528.0
=006  m\\\\||\\d\|\\\\\\
=007  cr\|||||||||||
=008  130613s2012\\\\enka\\\\ob\\\|0|0\0|eng\\
=FMT  \\$a  BK
=015  \\$aGBB355811$2bnb
=020  \\$z9780956922416
=040  \\$aUk$beng$cUk$erda
=042  \\$aukblsr
=082  04$a616.3620780942021$223
=100  1\$aEffiong, Kufre,$eauthor.
=245  10$aDeaths from liver disease :$bimplications for end of life care in England.
=264  \1$a[London] :$bNational End of Life Care Intelligence Network,$cMarch 2012.
=300  \\$a1 online resource (31 pages) :$billustrations (colour)
=336  \\$atext$2rdacontent
=337  \\$acomputer$2rdamedia
=338  \\$aonline resource$2rdacarrier
=500  \\$aAuthors: Kufre Effiong, End of Life Care Analyst, Ade Osinowo, Senior End of Life Care Analyst, Andy Pring, Senior Analyst and Julia Verne, Director, South West Public Health Observatory.
=504  \\$aIncludes bibliographical references.
=588  \\$aDescription based on online resource; title from PDF cover page (viewed on June 25, 2013).
=650  \0$aLiver$xDiseases$xMortality$zEngland$vStatistics.
=650  \0$aLiver$xDiseases$xMortality0780942021$zEngland$xStatistics.
=700  1\$aOsinowo, Adebowale,$eauthor.
=700  1\$aPring, Andy,$eauthor.
=700  1\$aVerne, Julia,$eauthor.
=710  2\$aNational End of Life Care Intelligence Network (Great Britain),$epublisher.
=710  2\$aNational End of Life Care Programme (England)
=856  40$uhttp://www.endoflifecare-intelligence.org.uk/resources/publications/deaths_from_liver_disease.aspx
=859  \\$aELD$bebook
=852  41$aBritish Library$bHMNTS$jELD Digital store
=CAT  \\$a12664$b40$c20130613$lBLL01$h1104
=CAT  \\$a12664$b40$c20130613$lBLL01$h1111
=CAT  \\$a8141$b40$c20130625$lBLL01$h1025
=CAT  \\$a8141$b40$c20130625$lBLL01$h1043
=CAT  \\$a7332$b40$c20130625$lBLL01$h1545
=CAT  \\$aWR14.047$c20140417$lBLL01$h1646
=CAT  \\$aW1611-0868$c20161114$lBLL01$h1414
=CAT  \\$aW1711-1225$c20171203$lBLL01$h1053
=FIN  \\$aY$d20130625
=STA  \\$aSUPPRESSED$bunable to determine reason for suppression
=LAS  \\$aW1711-1225$b00$c20171203$lBLL01$h1053

