=LDR  02053 am a2200493 i 4500
=001  016430897
=003  Uk
=005  20130625155634.0
=006  m\\\\||\\d\|\\\\\\
=007  cr\|||||||||||
=008  130613s2012\\\\enka\\\\ob\\\\0|0\0|eng\\
=FMT  \\$a  BK
=015  \\$aGBB355814$2bnb
=020  \\$z9780956922430
=040  \\$aUk$beng$cUk$erda
=042  \\$aukblsr
=082  04$a616.94660780942021$223
=100  1\$aHounsome, Luke,$eauthor.
=245  10$aDeaths from urological cancers in England, 2001-10.
=264  \1$a[London] :$bNational End of Life Care Intelligence Network,$cOctober 2012.
=300  \\$a1 online resource (31 pages) :$billustrations (colour)
=336  \\$atext$2rdacontent
=337  \\$acomputer$2rdamedia
=338  \\$aonline resource$2rdacarrier
=500  \\$aAuthors: Luke Hounsome, Senior Cancer Information Analyst and Julia Verne, Director, South West Public Health Observatory.
=504  \\$aIncludes bibliographical references.
=588  \\$aDescription based on online resource; title from PDF cover page (viewed on June 25, 2013).
=650  \0$aGenitourinary organs$xCancer$xMortality$zEngland$vStatistics.
=650  \0$aGenitourinary organs$xCancer$xMortality$zEngland$xStatistics.
=700  1\$aVerne, Julia,$eauthor.
=710  2\$aNational End of Life Care Intelligence Network (Great Britain),$epublisher.
=710  2\$aNational End of Life Care Programme (England)
=856  40$uhttp://www.ncat.nhs.uk/sites/default/files/uploaded/urological%20cancer%20report%20final.pdf
=859  \\$aELD$bebook
=852  41$aBritish Library$bHMNTS$jELD Digital store
=CAT  \\$a12664$b40$c20130613$lBLL01$h1112
=CAT  \\$a8141$b40$c20130625$lBLL01$h1044
=CAT  \\$a7332$b40$c20130625$lBLL01$h1556
=CAT  \\$aWR14.047$c20140417$lBLL01$h1646
=CAT  \\$aW1611-0868$c20161114$lBLL01$h1414
=CAT  \\$aW1711-1225$c20171203$lBLL01$h1053
=FIN  \\$aY$d20130625
=STA  \\$aSUPPRESSED$bunable to determine reason for suppression
=LAS  \\$aW1711-1225$b00$c20171203$lBLL01$h1053

