=LDR  01936 am a2200493 i 4500
=001  016430908
=003  Uk
=005  20130628083834.0
=006  m\\\\||\\d\|\\\\\\
=007  cr\|||||||||||
=008  130613s2013\\\\enk\\\\\ob\\\\000\0|eng\\
=FMT  \\$a  BK
=015  \\$aGBB356448$2bnb
=040  \\$aUk$beng$cUk$erda
=042  \\$aukblsr
=082  04$a363.50941$223
=100  1\$aMorton, Alex$c(Political consultant),$eauthor.
=245  10$aHousing and intergenerational fairness :$bpart I - high housing costs on top of costs of an ageing society /$cAlex Morton.
=264  \1$a[London] :$bPolicy Exchange,$cApril 2013.
=300  \\$a1 online resource (18 pages)
=336  \\$atext$2rdacontent
=337  \\$acomputer$2rdamedia
=338  \\$aonline resource$2rdacarrier
=504  \\$aIncludes bibliographical references.
=588  \\$aDescription based on online resource; title from PDF caption title (viewed on June 28, 2013).
=650  \0$aHousing$zGreat Britain.
=650  \0$aHousing policy$zGreat Britain.
=650  \0$aIntergenerational relations$zGreat Britain.
=650  \0$aBaby boom generation$zGreat Britain.
=651  \0$aGreat Britain$xEconomic conditions$y21st century.
=690  7\$aSocial Welfare$2blcoll
=710  2\$aPolicy Exchange (Think tank),$epublisher.
=856  40$uhttp://www.policyexchange.org.uk/images/publications/housing%20and%20intergenerational%20fairness.pdf
=859  \\$aELD$bebook
=852  41$aBritish Library$bHMNTS$jELD Digital store
=CAT  \\$a12664$b40$c20130613$lBLL01$h1122
=CAT  \\$a12664$b40$c20130613$lBLL01$h1136
=CAT  \\$a7332$b40$c20130628$lBLL01$h0838
=CAT  \\$aWR14.047$c20140417$lBLL01$h1646
=CAT  \\$aW1611-0868$c20161114$lBLL01$h1414
=CAT  \\$aW1711-1225$c20171203$lBLL01$h1053
=FIN  \\$aY$d20130628
=STA  \\$aSUPPRESSED$bunable to determine reason for suppression
=LAS  \\$aW1711-1225$b00$c20171203$lBLL01$h1053

