=LDR  01856 am a2200493 i 4500
=001  016430912
=003  Uk
=005  20131127154949.0
=006  m\\\\||\\d\|\\\\\\
=007  cr\|||||||||||
=008  130613s2013\\\\enka\\\\ob\\\\000\0|eng\\
=FMT  \\$a  BK
=015  \\$aGBB356447$2bnb
=020  \\$z9781907689499
=040  \\$aUk$beng$cUk$erda
=042  \\$aukblsr
=082  04$a352.30941$223
=100  1\$aWorth, Sean,$eauthor.
=245  10$aBetter public services :$ba roadmap for revolution /$cSean Worth.
=264  \1$aLondon :$bPolicy Exchange,$c[2013]
=300  \\$a1 online resource (56 pages) :$billustrations (colour)
=336  \\$atext$2rdacontent
=337  \\$acomputer$2rdamedia
=338  \\$aonline resource$2rdacarrier
=504  \\$aIncludes bibliographical references.
=588  \\$aDescription based on online resource; title from PDF caption title (viewed on June 28, 2013).
=650  \0$aPublic administration$xGovernment policy$zGreat Britain.
=650  \0$aMuncipal services$xGovernment policy$zGreat Britain.
=690  7\$aSocial Welfare$2blcoll
=710  2\$aPolicy Exchange (Think tank),$epublisher.
=856  40$uhttp://www.policyexchange.org.uk/images/publications/better%20public%20services.pdf
=859  \\$aELD$bebook
=852  41$aBritish Library$bHMNTS$jELD Digital store
=CAT  \\$a12664$b40$c20130613$lBLL01$h1125
=CAT  \\$a12664$b40$c20130613$lBLL01$h1136
=CAT  \\$a12664$b40$c20130613$lBLL01$h1137
=CAT  \\$a7332$b40$c20130628$lBLL01$h0750
=CAT  \\$a7332$b40$c20131127$lBLL01$h1549
=CAT  \\$aWR14.047$c20140417$lBLL01$h1646
=CAT  \\$aW1611-0868$c20161114$lBLL01$h1414
=CAT  \\$aW1711-1225$c20171203$lBLL01$h1053
=FIN  \\$aY$d20130628
=STA  \\$aSUPPRESSED$bunable to determine reason for suppression
=LAS  \\$aW1711-1225$b00$c20171203$lBLL01$h1053

