=LDR  01829 am a2200493 i 4500
=001  016430918
=003  Uk
=005  20130628111344.0
=006  m\\\\||\\d\|\\\\\\
=007  cr\|||||||||||
=008  130613s2013\\\\enka\\\\ob\\\\000\0|eng\\
=FMT  \\$a  BK
=015  \\$aGBB356464$2bnb
=020  \\$z9781907689482
=040  \\$aUk$beng$cUk$erda
=042  \\$aukblsr
=082  04$a363.20941$223
=100  1\$aInnes, Martin,$eauthor.
=245  10$aRebooting the PC :$busing innovation to drive smart policing /$cMartin Innes. Edited by Max Chambers.
=264  \1$aLondon :$bPolicy Exchange,$c[2013]
=300  \\$a1 online resource (58 pages) :$b1 illustration (colour)
=336  \\$atext$2rdacontent
=337  \\$acomputer$2rdamedia
=338  \\$aonline resource$2rdacarrier
=504  \\$aIncludes bibliographical references.
=588  \\$aDescription based on online resource; title from PDF title page (viewed on June 28, 2013).
=650  \0$aPolice$zGreat Britain.
=650  \0$aPolice administration$zGreat Britain.
=690  7\$aSocial Welfare$2blcoll
=700  1\$aChambers, Max,$eeditor.
=710  2\$aPolicy Exchange (Think tank),$epublisher.
=856  40$uhttp://www.policyexchange.org.uk/images/publications/rebooting%20the%20pc.pdf
=859  \\$aELD$bebook
=852  41$aBritish Library$bHMNTS$jELD Digital store
=CAT  \\$a12664$b40$c20130613$lBLL01$h1127
=CAT  \\$a12664$b40$c20130613$lBLL01$h1136
=CAT  \\$a12664$b40$c20130613$lBLL01$h1137
=CAT  \\$a7332$b40$c20130628$lBLL01$h1113
=CAT  \\$aWR14.047$c20140417$lBLL01$h1646
=CAT  \\$aW1611-0868$c20161114$lBLL01$h1414
=CAT  \\$aW1711-1225$c20171203$lBLL01$h1053
=FIN  \\$aY$d20130628
=STA  \\$aSUPPRESSED$bunable to determine reason for suppression
=LAS  \\$aW1711-1225$b00$c20171203$lBLL01$h1053

