=LDR  02034cam a2200505 i 4500
=001  016430928
=003  Uk
=005  20230413142236.0
=006  m\\\\||\\d\|\\\\\\
=007  cr\|||||||||||
=008  130613s2013\\\\enk\\\\\ob\\\\0|0\0|eng\\
=FMT  \\$a  BK
=015  \\$aGBB386111$2bnb
=040  \\$aUk$beng$cUk$erda
=042  \\$aukblsr
=082  04$a371.5430942$223
=110  1\$aGreat Britain.$bOffice of the Children's Commissioner (2010- )$eauthor,$eissuing body.
=245  10$a"Always Someone Else's Problem" :$bOffice of the Children's Commissioner's Report on illegal exclusions.
=264  \1$a[London] :$bOffice of the Children's Commissioner,$c[2013]
=300  \\$a1 online resource (52 pages)
=336  \\$atext$2rdacontent
=337  \\$acomputer$2rdamedia
=338  \\$aonline resource$2rdacarrier
=504  \\$aIncludes bibliographical references.
=588  \\$aDescription based on online resource; title from PDF cover page (viewed on September 20, 2013).
=650  \0$aSchool discipline$zEngland.
=650  \0$aStudent expulsion$zEngland.
=650  \0$aStudent suspension$zEngland.
=690  7\$aSocial Welfare$2blcoll
=856  40$uhttp://www.childrenscommissioner.gov.uk/force_download.php?fp=%2Fclient_assets%2Fcp%2Fpublication%2F662%2FFINAL_Always_Someone_Elses_Problem.pdf
=859  \\$aELD$bebook
=852  41$aBritish Library$bHMNTS$jELD Digital store
=CAT  \\$a12664$b40$c20130613$lBLL01$h1131
=CAT  \\$a12664$b40$c20130613$lBLL01$h1136
=CAT  \\$a12664$b40$c20130613$lBLL01$h1137
=CAT  \\$a7332$b44$c20130920$lBLL01$h1042
=CAT  \\$aWR14.047$c20140417$lBLL01$h1646
=CAT  \\$aW1611-0868$c20161114$lBLL01$h1414
=CAT  \\$aW1711-1225$c20171203$lBLL01$h1053
=CAT  \\$a8871$b40$c20230413$lBLL01$h1420
=CAT  \\$a8871$b40$c20230413$lBLL01$h1422
=CAT  \\$aBATCH-UPD$b40$c20230413$lBLL01$h1607
=FIN  \\$aY$d20130920
=STA  \\$aSUPPRESSED$bunable to determine reason for suppression
=LAS  \\$aBATCH-UPD$b40$c20230413$lBLL01$h1607

