=LDR  01799 am a2200469 i 4500
=001  016430954
=003  Uk
=005  20130918080557.0
=006  m\\\\||\\d\|\\\\\\
=007  cr\|||||||||||
=008  130613s2013\\\\enk\\\\\o\\\\\0|0\0|eng\\
=FMT  \\$a  BK
=015  \\$aGBB381353$2bnb
=040  \\$aUk$beng$cUk$erda
=042  \\$aukblsr
=082  04$a361.0068$223
=100  1\$aLambley, Sharon,$eauthor.
=245  10$aService user and carer involvement in the supervision of health and social care workers :$bseminar report /$cwritten by Sharon Lambley and Dr Tish Marrable.
=264  \1$aLondon :$bSocial Care Institute for Excellence,$cMay 2013.
=300  \\$a1 online resource (9 pages)
=336  \\$atext$2rdacontent
=337  \\$acomputer$2rdamedia
=338  \\$aonline resource$2rdacarrier
=588  \\$aTitle from PDF cover page (viewed on September 6, 2013).
=650  \0$aSocial workers$xSupervision of.
=690  7\$aSocial Welfare$2blcoll
=700  1\$aMarrable, Tish,$eauthor.
=710  2\$aSocial Care Institute for Excellence (Great Britain),$epublisher.
=856  40$uhttp://www.scie.org.uk/publications/guides/guide50/files/supervisionseminarreport.pdf
=859  \\$aELD$bebook
=852  41$aBritish Library$bHMNTS$jELD Digital store
=CAT  \\$a12664$b40$c20130613$lBLL01$h1145
=CAT  \\$a12664$b40$c20130613$lBLL01$h1151
=CAT  \\$a7332$b40$c20130906$lBLL01$h1555
=CAT  \\$a7332$b40$c20130906$lBLL01$h1615
=CAT  \\$a7332$b40$c20130918$lBLL01$h0805
=CAT  \\$aWR14.047$c20140417$lBLL01$h1646
=CAT  \\$aW1611-0868$c20161114$lBLL01$h1414
=CAT  \\$aW1711-1225$c20171203$lBLL01$h1053
=FIN  \\$aY$d20130906
=STA  \\$aSUPPRESSED$bunable to determine reason for suppression
=LAS  \\$aW1711-1225$b00$c20171203$lBLL01$h1053

