=LDR  01738 am a2200445 i 4500
=001  016430967
=003  Uk
=005  20130712151656.0
=006  m\\\\||\\d\|\\\\\\
=007  cr\|||||||||||
=008  130613s2013\\\\enk\\\\\o\\\\\0|0\0|eng\\
=FMT  \\$a  BK
=015  \\$aGBB360865$2bnb
=040  \\$aUk$beng$cUk$erda
=042  \\$aukblsr
=082  04$a361.0068$223
=100  1\$aGoldman, Rebecca,$eauthor.
=245  10$aNarrative summary of the evidence review on supervision of social workers and social care workers in a range of settings including integrated settings /$cwritten by Rebecca Goldman.
=264  \1$aLondon :$bSocial Care Institute for Excellence,$cMay 2013.
=300  \\$a1 online resource (23 pages)
=336  \\$atext$2rdacontent
=337  \\$acomputer$2rdamedia
=338  \\$aonline resource$2rdacarrier
=588  \\$aTitle from PDF cover page (viewed on July 12, 2012).
=650  \0$aSocial workers$xSupervision of.
=690  7\$aSocial Welfare$2blcoll
=710  2\$aSocial Care Institute for Excellence (Great Britain),$eissuing body.
=856  40$uhttp://www.scie.org.uk/publications/guides/guide50/files/supervisionnarrativesummary.pdf
=859  \\$aELD$bebook
=852  41$aBritish Library$bHMNTS$jELD Digital store
=CAT  \\$a12664$b40$c20130613$lBLL01$h1151
=CAT  \\$a7332$b40$c20130712$lBLL01$h1426
=CAT  \\$a7332$b40$c20130712$lBLL01$h1510
=CAT  \\$a7332$b40$c20130712$lBLL01$h1516
=CAT  \\$aWR14.047$c20140417$lBLL01$h1646
=CAT  \\$aW1611-0868$c20161114$lBLL01$h1414
=CAT  \\$aW1711-1225$c20171203$lBLL01$h1053
=FIN  \\$aY$d20130712
=STA  \\$aSUPPRESSED$bunable to determine reason for suppression
=LAS  \\$aW1711-1225$b00$c20171203$lBLL01$h1053

