=LDR  01902 am a2200493 i 4500
=001  016430973
=003  Uk
=005  20130906155127.0
=006  m\\\\||\\d\|\\\\\\
=007  cr\|||||||||||
=008  130613s2013\\\\enk\\\\\o\\\\\0|0\0|eng\\
=FMT  \\$a  BK
=015  \\$aGBB381351$2bnb
=040  \\$aUk$beng$cUk$erda
=042  \\$aukblsr
=082  04$a362.109416$223
=245  00$aReviewing the impact of the Social care governance workbook.
=264  \1$aLondon :$bSocial Care Institute for Excellence,$cApril 2013.
=300  \\$a1 online resource (27 pages and 2 unnumbered pages).
=336  \\$atext$2rdacontent
=337  \\$acomputer$2rdamedia
=338  \\$aonline resource$2rdacarrier
=490  0\$aWORKFORCE DEVELOPMENT REPORT ;$v64
=588  \\$aTitle from PDF cover page (viewed on September 6, 2013).
=650  \0$aHealth services administration$zNorthern Ireland.
=650  \0$aMedical care$zNorthern Ireland$xPlanning.
=650  \0$aMedical care$zNorthern Ireland$xQuality control.
=650  \0$aPublic health administration$zNorthern Ireland.
=650  \0$aSocial service$zNorthern Ireland$xPlanning.
=690  7\$aSocial Welfare$2blcoll
=710  2\$aSocial Care Institute for Excellence (Great Britain),$epublisher.
=856  40$uhttp://www.scie.org.uk/publications/reports/report64/files/report64.pdf
=859  \\$aELD$bebook
=852  41$aBritish Library$bHMNTS$jELD Digital store
=CAT  \\$a12664$b40$c20130613$lBLL01$h1153
=CAT  \\$a7332$b40$c20130906$lBLL01$h1542
=CAT  \\$a7332$b40$c20130906$lBLL01$h1543
=CAT  \\$a7332$b40$c20130906$lBLL01$h1551
=CAT  \\$aWR14.047$c20140417$lBLL01$h1646
=CAT  \\$aW1611-0868$c20161114$lBLL01$h1414
=CAT  \\$aW1711-1225$c20171203$lBLL01$h1053
=FIN  \\$aY$d20130906
=STA  \\$aSUPPRESSED$bunable to determine reason for suppression
=LAS  \\$aW1711-1225$b00$c20171203$lBLL01$h1053

