=LDR  01907 am a2200493 i 4500
=001  016430979
=003  Uk
=005  20130906162200.0
=006  m\\\\||\\d\|\\\\\\
=007  cr\|||||||||||
=008  130613s2013\\\\enka\\\\ob\\\\0|0\0|eng\\
=FMT  \\$a  BK
=015  \\$aGBB381356$2bnb
=040  \\$aUk$beng$cUk$erda
=042  \\$aukblsr
=082  04$a362.109416$223
=245  00$aSocial care governance :$bA practice workbook (NI).
=250  \\$a2nd edition.
=264  \1$aLondon :$bSocial Care Institute for Excellence,$cApril 2013.
=300  \\$a1 online resource (48 pages) :$billustrations (colour)
=336  \\$atext$2rdacontent
=337  \\$acomputer$2rdamedia
=338  \\$aonline resource$2rdacarrier
=504  \\$aIncludes bibliographical references.
=588  \\$aTitle from PDF cover page (viewed on September 6, 2013).
=650  \0$aHealth services administration$zNorthern Ireland.
=650  \0$aMedical care$zNorthern Ireland$xPlanning.
=650  \0$aMedical care$zNorthern Ireland$xQuality control.
=650  \0$aPublic health administration$zNorthern Ireland.
=650  \0$aSocial service$zNorthern Ireland$xPlanning.
=690  7\$aSocial Welfare$2blcoll
=710  2\$aSocial Care Institute for Excellence (Great Britain),$epublisher.
=710  1\$aNorthern Ireland.$bDepartment of Health, Social Services, and Public Safety.
=856  40$uhttp://www.scie.org.uk/publications/misc/governance.pdf
=859  \\$aELD$bebook
=852  41$aBritish Library$bHMNTS$jELD Digital store
=CAT  \\$a12664$b40$c20130613$lBLL01$h1155
=CAT  \\$a7332$b40$c20130906$lBLL01$h1622
=CAT  \\$aWR14.047$c20140417$lBLL01$h1646
=CAT  \\$aW1611-0868$c20161114$lBLL01$h1414
=CAT  \\$aW1711-1225$c20171203$lBLL01$h1053
=FIN  \\$aY$d20130906
=STA  \\$aSUPPRESSED$bunable to determine reason for suppression
=LAS  \\$aW1711-1225$b00$c20171203$lBLL01$h1053

