=LDR  01186 am a22003373i 4500
=001  016430987
=003  Uk
=005  20130920075125.0
=006  m\\\\||\\d\|\\\\\\
=007  cr\|||||||||||
=008  130613s2013\\\\enk\\\\\o\\\\\0|0\0|eng\\
=FMT  \\$a  BK
=082  04$a331.220941$223
=245  00$aWAGE INEQUALITY AND EMPLOYMENT POLARISATION IN BRITISH CITIES.
=264  \1$aYork :$bJoseph Rowntree Foundation,$c2013.
=300  \\$a1 online resource (3 pages and 1 unnumbered page)
=336  \\$atext$2rdacontent
=337  \\$acomputer$2rdamedia
=338  \\$aonline resource$2rdacarrier
=690  7\$aSocial Welfare$2blcoll
=856  40$uhttp://www.jrf.org.uk/sites/files/jrf/wage-employment-inequality-summary.pdf
=859  \\$aELD$bebook
=852  41$aBritish Library$bHMNTS$jELD Digital store
=CAT  \\$a12664$b40$c20130613$lBLL01$h1159
=CAT  \\$a7332$b40$c20130920$lBLL01$h0751
=CAT  \\$aWR14.047$c20140417$lBLL01$h1646
=CAT  \\$aW1611-0868$c20161114$lBLL01$h1414
=CAT  \\$aW1711-1225$c20171203$lBLL01$h1053
=FIN  \\$aY$d20130920
=STA  \\$aSUPPRESSED$bunable to determine reason for suppression
=LAS  \\$aW1711-1225$b00$c20171203$lBLL01$h1053

