=LDR  02143 am a2200517 i 4500
=001  016431018
=003  Uk
=005  20170824145348.0
=006  m\\\\||\\d\|\\\\\\
=007  cr\|||||||||||
=008  130613s2013\\\\enka\\\\ob\\\\000\0|eng\\
=FMT  \\$a  BK
=015  \\$aGBB361154$2bnb
=040  \\$aUk$beng$cUk$erda
=042  \\$aukblsr
=082  04$a331.2529135141$223
=245  02$aA Pensions Policy Institute Briefing Paper on the impact of the Coalition Government's public service pension reforms.
=264  \1$aLondon :$bPensions Policy Institute,$c[2013?]
=300  \\$a1 online resource (15 pages) :$billustrations (colour)
=336  \\$atext$2rdacontent
=337  \\$acomputer$2rdamedia
=338  \\$aonline resource$2rdacarrier
=504  \\$aIncludes bibliographical references.
=588  \\$aDescription based on online resource; title from PDF caption title (viewed on July 16, 2013).
=650  \0$aPensions$xGovernment policy$zGreat Britain.
=650  \0$aCivil service$xPensions$zGreat Britain.
=650  \0$aState governments$xOfficials and employees$xPensions$zGreat Britain.
=650  \0$aLocal officials and employees$xPensions$zGreat Britain.
=650  \0$aCoalition governments$zGreat Britain.
=651  \0$aGreat Britain$xSocial policy$y2007-.
=690  7\$aSocial Welfare$2blcoll
=710  2\$aPensions Policy Institute,$eissuing body.
=859  \\$aELD$bebook
=856  40$uhttps://www.pensionspolicyinstitute.org.uk/uploadeddocuments/20130517_PPI_BP3_-_Implications_of_Coalition_Gov_Reforms_to_PSP.pdf
=852  41$aBritish Library$bHMNTS$jELD Digital store
=CAT  \\$a12664$b40$c20130613$lBLL01$h1255
=CAT  \\$a7332$b40$c20130716$lBLL01$h1105
=CAT  \\$aWR14.047$c20140417$lBLL01$h1646
=CAT  \\$aW1611-0868$c20161114$lBLL01$h1414
=CAT  \\$a10902$b40$c20170508$lBLL01$h1602
=CAT  \\$a10902$b40$c20170508$lBLL01$h1605
=CAT  \\$a10902$b40$c20170824$lBLL01$h1453
=CAT  \\$aW1711-1225$c20171203$lBLL01$h1053
=FIN  \\$aY$d20130716
=STA  \\$aSUPPRESSED$bunable to determine reason for suppression
=LAS  \\$aW1711-1225$b00$c20171203$lBLL01$h1053

