=LDR  02429 am a2200577 i 4500
=001  016431019
=003  Uk
=005  20170824145004.0
=006  m\\\\||\\d\|\\\\\\
=007  cr\|||||||||||
=008  130613s2013\\\\enka\\\\ob\\\\000\0|eng\\
=FMT  \\$a  BK
=015  \\$aGBB361159$2bnb
=020  \\$z9781906284251
=040  \\$aUk$beng$cUk$erda
=042  \\$aukblsr
=082  04$a331.2529135141$223
=100  1\$aCleal, Niki,$eauthor.
=245  14$aThe implications of the Coalition Government's public service pension reforms /$ca research report by Niki Cleal, Chris Curry, Dr Leandro Carrera, John Adams and Daniel Redwood.
=264  \1$aLondon :$bPensions Policy Institute,$c[May 2013]
=300  \\$a1 online resource (84 pages) :$billustrations (colour)
=336  \\$atext$2rdacontent
=337  \\$acomputer$2rdamedia
=338  \\$aonline resource$2rdacarrier
=504  \\$aIncludes bibliographical references.
=588  \\$aDescription based on online resource; title from PDF cover page (viewed on July 16, 2013).
=650  \0$aPensions$xGovernment policy$zGreat Britain.
=650  \0$aCivil service$xPensions$zGreat Britain.
=650  \0$aState governments$xOfficials and employees$xPensions$zGreat Britain.
=650  \0$aLocal officials and employees$xPensions$zGreat Britain.
=650  \0$aCoalition governments$zGreat Britain.
=651  \0$aGreat Britain$xSocial policy$y2007-.
=690  7\$aSocial Welfare$2blcoll
=700  1\$aCurry, Chris,$d1971-$eauthor.
=700  1\$aCarrera, Leandro,$eauthor.
=700  1\$aAdams, John,$d1976-$eauthor.
=700  1\$aRedwood, Daniel,$eauthor.
=710  2\$aPensions Policy Institute,$epublisher.
=859  \\$aELD$bebook
=856  40$uhttps://www.pensionspolicyinstitute.org.uk/uploadeddocuments/20130517_PPI_Report_Implications_of_Coalition_Government's_reforms_to_public_sector_pensions_FINAL.pdf
=852  41$aBritish Library$bHMNTS$jELD Digital store
=CAT  \\$a12664$b40$c20130613$lBLL01$h1257
=CAT  \\$a7332$b40$c20130716$lBLL01$h1118
=CAT  \\$aWR14.047$c20140417$lBLL01$h1646
=CAT  \\$aW1611-0868$c20161114$lBLL01$h1414
=CAT  \\$a10902$b40$c20170508$lBLL01$h1603
=CAT  \\$a10902$b40$c20170824$lBLL01$h1450
=CAT  \\$aW1711-1225$c20171203$lBLL01$h1053
=FIN  \\$aY$d20130716
=STA  \\$aSUPPRESSED$bunable to determine reason for suppression
=LAS  \\$aW1711-1225$b00$c20171203$lBLL01$h1053

