=LDR  02000 am a22005293i 4500
=001  016431025
=003  Uk
=005  20170824145519.0
=006  m\\\\||\\d\|\\\\\\
=007  cr\|||||||||||
=008  130613s2012\\\\enka\\\\ob\\\\000\0|eng\\
=FMT  \\$a  BK
=015  \\$aGBB358441$2bnb
=020  \\$z9781899257751
=040  \\$aUk$beng$cUk$erda
=042  \\$aukblsr
=082  04$a362.5920941$223
=100  1\$aJohnsen, Sarah,$eauthor.
=245  10$aCrisis Pre-Employment Programme for A8 and A2 Nationals in London :$bEvaluation Report /$cSarah Johnsen & Filip Sosenko.
=264  \1$aLondon :$bCrisis,$c[2012]
=300  \\$a1 online resource (30 pages) :$billustrations (colour)
=336  \\$atext$2rdacontent
=337  \\$acomputer$2rdamedia
=338  \\$aonline resource$2rdacarrier
=490  0\$aCrisis policy briefing
=500  \\$a"November 2012".
=504  \\$aIncludes bibliographical references.
=588  \\$aDescription based on online resource; title from PDF cover page (viewed on July 5, 2013).
=650  \0$aForeign workers$zEngland$zLondon$xSocial conditions.
=650  \0$aHomelessness$zEngland$zLondon.
=650  \0$aHomeless persons$xServices for$zEngland$zLondon.
=690  7\$aSocial Welfare$2blcoll
=700  1\$aSosenko, Filip,$eauthor.
=710  2\$aCrisis (Organization),$eissuing body.
=859  \\$aELD$bebook
=856  40$uhttp://www.crisis.org.uk/data/files/publications/A10evaluation_OakFoundation.pdf
=852  41$aBritish Library$bHMNTS$jELD Digital store
=CAT  \\$a12664$b40$c20130613$lBLL01$h1307
=CAT  \\$a7332$b40$c20130705$lBLL01$h1422
=CAT  \\$aWR14.047$c20140417$lBLL01$h1646
=CAT  \\$aW1611-0868$c20161114$lBLL01$h1414
=CAT  \\$a10902$b40$c20170508$lBLL01$h1606
=CAT  \\$a10902$b40$c20170824$lBLL01$h1455
=CAT  \\$aW1711-1225$c20171203$lBLL01$h1053
=FIN  \\$aY$d20130705
=STA  \\$aSUPPRESSED$bunable to determine reason for suppression
=LAS  \\$aW1711-1225$b00$c20171203$lBLL01$h1053

