=LDR  01776 am a2200493 i 4500
=001  016431027
=003  Uk
=005  20170824144602.0
=006  m\\\\||\\d\|\\\\\\
=007  cr\|||||||||||
=008  130613s2013\\\\enk\\\\\ob\\\\000\0|eng\\
=FMT  \\$a  BK
=015  \\$aGBB358434$2bnb
=040  \\$aUk$beng$cUk$erda
=042  \\$aukblsr
=082  04$a363.580941$223
=245  00$aHousing Benefit cuts :$bCrisis Policy Briefing.
=264  \1$aLondon :$bCrisis,$c[2013]
=300  \\$a1 online resource (9 pages).
=336  \\$atext$2rdacontent
=337  \\$acomputer$2rdamedia
=338  \\$aonline resource$2rdacarrier
=490  0\$aCrisis policy briefing
=500  \\$a"May 2013".
=504  \\$aIncludes bibliographical references.
=588  \\$aDescription based on online resource; title from PDF cover page (viewed on July 2, 2013).
=650  \0$aHousing subsidies$zGreat Britain.
=650  \0$aRent subsidies$zGreat Britain.
=650  \0$aHousing$zGreat Britain$xFinance.
=690  7\$aSocial Welfare$2blcoll
=710  2\$aCrisis (Organization),$eissuing body.
=859  \\$aELD$bebook
=856  40$uhttp://www.crisis.org.uk/data/files/publications/1305%20Crisis%20Briefing%20-%20Housing%20Benefit%20cuts.pdf
=852  41$aBritish Library$bHMNTS$jELD Digital store
=CAT  \\$a12664$b40$c20130613$lBLL01$h1309
=CAT  \\$a7332$b40$c20130705$lBLL01$h1310
=CAT  \\$aWR14.047$c20140417$lBLL01$h1646
=CAT  \\$aW1611-0868$c20161114$lBLL01$h1414
=CAT  \\$a10902$b40$c20170508$lBLL01$h1607
=CAT  \\$a10902$b40$c20170824$lBLL01$h1446
=CAT  \\$aW1711-1225$c20171203$lBLL01$h1053
=FIN  \\$aY$d20130705
=STA  \\$aSUPPRESSED$bunable to determine reason for suppression
=LAS  \\$aW1711-1225$b00$c20171203$lBLL01$h1053

