=LDR  02200 am a2200565 i 4500
=001  016431032
=003  Uk
=005  20170824145807.0
=006  m\\\\||\\d\|\\\\\\
=007  cr\|||||||||||
=008  130613s2013\\\\enka\\\\ob\\\\000\0|eng\\
=FMT  \\$a  BK
=015  \\$aGBB361147$2bnb
=040  \\$aUk$beng$cUk$erda
=042  \\$aukblsr
=082  04$a320.5330943$223
=245  00$aState intelligence agencies and the far Right :$bA review of developments in Germany, Hungary and Austria.
=264  \1$aLondon :$bInstitute of Race Relations,$c2013.
=300  \\$a1 online resource (11 pages) :$billustrations (colour).
=336  \\$atext$2rdacontent
=337  \\$acomputer$2rdamedia
=338  \\$aonline resource$2rdacarrier
=490  0\$aERA briefing paper ;$vno. 6
=504  \\$aIncludes bibliographical references.
=588  \\$aDescription based on online resource; title from PDF caption title (viewed on July 16, 2013).
=650  \0$aRight-wing extremists$zGermany.
=650  \0$aRight-wing extremists$zHungary.
=650  \0$aRight-wing extremists$zAustria.
=650  \0$aIntelligence service$zGermany.
=650  \0$aIntelligence service$zHungary.
=650  \0$aIntelligence service$zAustria.
=690  7\$aSocial Welfare$2blcoll
=710  2\$aInstitute of Race Relations,$eissuing body.
=710  2\$aInstitute of Race Relations.$bEuropean Research Programme.
=859  \\$aELD$bebook
=856  40$uhttp://www.irr.org.uk/wp-content/uploads/2013/04/ERP_BP6_State_intelligence.pdf
=852  41$aBritish Library$bHMNTS$jELD Digital store
=CAT  \\$a12664$b40$c20130613$lBLL01$h1319
=CAT  \\$a12664$b40$c20130613$lBLL01$h1322
=CAT  \\$a7332$b40$c20130716$lBLL01$h1037
=CAT  \\$a7332$b40$c20130716$lBLL01$h1041
=CAT  \\$a7332$b40$c20131204$lBLL01$h1055
=CAT  \\$aWR14.047$c20140417$lBLL01$h1646
=CAT  \\$aW1611-0868$c20161114$lBLL01$h1414
=CAT  \\$a10902$b40$c20170824$lBLL01$h1439
=CAT  \\$a10902$b40$c20170824$lBLL01$h1458
=CAT  \\$aW1711-1225$c20171203$lBLL01$h1053
=FIN  \\$aY$d20130716
=STA  \\$aSUPPRESSED$bunable to determine reason for suppression
=LAS  \\$aW1711-1225$b00$c20171203$lBLL01$h1053

