=LDR  01844 am a2200493 i 4500
=001  016431037
=003  Uk
=005  20130716090211.0
=006  m\\\\||\\d\|\\\\\\
=007  cr\|||||||||||
=008  130613s2013\\\\enk\\\\\ob\\\\000\0|eng\\
=FMT  \\$a  BK
=015  \\$aGBB361124$2bnb
=040  \\$aUk$beng$cUk$erda
=042  \\$aukblsr
=082  04$a323.0941$223
=100  10$aWebber, Frances,$eauthor.
=245  10$aEUROPE'S PARIAH STATE? :$bTHE FUTURE OF HUMAN RIGHTS IN BRITAIN /$cby Frances Webber.
=264  \1$aLondon :$bInstitute of Race Relations,$c[May 2013]
=300  \\$a1 online resource (8 pages).
=336  \\$atext$2rdacontent
=337  \\$acomputer$2rdamedia
=338  \\$aonline resource$2rdacarrier
=490  0\$aIRR UK BRIEFING PAPER ;$vNo. 8
=504  \\$aIncludes bibliographical references.
=588  \\$aDescription based on online resource; title from PDF cover page (viewed on July 16, 2013).
=650  \0$aHuman rights$zGreat Britain.
=650  \0$aHuman rights$zEurope.
=650  \0$aHuman rights$xLaw and legislation$zGreat Britain.
=650  \0$aHuman rights$xLaw and legislation$zEurope.
=690  7\$aSocial Welfare$2blcoll
=710  2\$aInstitute of Race Relations,$epublisher.
=856  40$uhttp://www.irr.org.uk/wp-content/uploads/2013/05/IRR_Briefing_No.8.pdf
=859  \\$aELD$bebook
=852  41$aBritish Library$bHMNTS$jELD Digital store
=CAT  \\$a12664$b40$c20130613$lBLL01$h1323
=CAT  \\$a7332$b40$c20130716$lBLL01$h0902
=CAT  \\$aWR14.047$c20140417$lBLL01$h1646
=CAT  \\$aBATCH-UPD$b00$c20141222$lBLL01$h0010
=CAT  \\$aW1611-0868$c20161114$lBLL01$h1414
=CAT  \\$aW1711-1225$c20171203$lBLL01$h1053
=FIN  \\$aY$d20130716
=STA  \\$aSUPPRESSED$bunable to determine reason for suppression
=LAS  \\$aW1711-1225$b00$c20171203$lBLL01$h1053

