=LDR  02036 am a2200505 i 4500
=001  016431045
=003  Uk
=005  20131108151503.0
=006  m\\\\||\\d\|\\\\\\
=007  cr\|||||||||||
=008  130613s2013\\\\enka\\\\ob\\\\000\0|eng\\
=FMT  \\$a  BK
=015  \\$aGBB361118$2bnb
=040  \\$aUk$beng$cUk$erda
=042  \\$aukblsr
=082  04$a331.340941$223
=100  1\$aCopps, John,$eauthor.
=245  10$aInspiring Impact : The journey to employment :$bA guide to understanding and measuring what matters for young people : Featuring the Journey to EmploymenT (JET) framework /$cJohn Copps and Dawn Plimmer.
=264  \1$aLondon :$bNew Philanthropy Capital - NPC,$cMay 2013.
=300  \\$a1 online resource (74 pages) :$billustration (colour)
=336  \\$atext$2rdacontent
=337  \\$acomputer$2rdamedia
=338  \\$aonline resource$2rdacarrier
=504  \\$aIncludes bibliographical references.
=588  \\$aDescription based on online resource; title from PDF cover page (viewed on July 16, 2013).
=650  \0$aYouth$xEmployment$zGreat Britain.
=650  \0$aUnemployed youth$zGreat Britain.
=690  7\$aSocial Welfare$2blcoll
=700  1\$aPlimmer, Dawn,$eauthor.
=710  2\$aInspiring Impact (Programme)
=710  2\$aNew Philanthropy Capital,$eissuing body.
=710  2\$aDeutsche Bank.
=856  40$uhttp://www.thinknpc.org/publications/the-journey-to-employment/inspiring-employability-final-for-web/?post-parent=7805
=859  \\$aELD$bebook
=852  41$aBritish Library$bHMNTS$jELD Digital store
=CAT  \\$a12664$b40$c20130613$lBLL01$h1335
=CAT  \\$a12664$b40$c20130613$lBLL01$h1339
=CAT  \\$a7332$b40$c20130716$lBLL01$h0816
=CAT  \\$a7332$b40$c20131108$lBLL01$h1515
=CAT  \\$aWR14.047$c20140417$lBLL01$h1646
=CAT  \\$aW1611-0868$c20161114$lBLL01$h1414
=CAT  \\$aW1711-1225$c20171203$lBLL01$h1053
=FIN  \\$aY$d20130716
=STA  \\$aSUPPRESSED$bunable to determine reason for suppression
=LAS  \\$aW1711-1225$b00$c20171203$lBLL01$h1053

