=LDR  01912 am a2200481 i 4500
=001  016431566
=003  Uk
=005  20130618093749.0
=006  m\\\\||\\d\|\\\\\\
=007  cr\|||||||||||
=008  130614s2013\\\\stk\\\\\ob\\\|0|0\0|eng\\
=FMT  \\$a  BK
=015  \\$aGBB354751$2bnb
=020  \\$a9781782565048 (web only)
=040  \\$aUk$beng$cUk$erda
=042  \\$aukblsr
=082  04$a362.042509411$223
=245  00$aDraft Carers (Waiving of Charges for Support) (Scotland) Regulations 2014 :$ba public consultation on draft regulations to accompany the Social Care (Self-directed Support) (Scotland) Act 2013.
=264  \1$aEdinburgh :$bScottish Government,$cApril 2013.
=300  \\$a1 online resource (15 pages)
=336  \\$atext$2rdacontent
=337  \\$acomputer$2rdamedia
=338  \\$aonline resource$2rdacarrier
=504  \\$aIncludes bibliographical references.
=588  \\$aDescription based on online resource; title from PDF cover page (viewed on June 18, 2013).
=650  \0$aCaregivers$xServices for$zScotland.
=650  \0$aSocial service$zScotland$xFinance.
=650  \0$aCaregivers$xGovernment policy$zScotland.
=650  \0$aCaregivers$xLegal status, laws, etc.$zScotland.
=710  1\$aScotland.$bScottish Government,$eissuing body.
=856  40$uhttp://www.scotland.gov.uk/Resource/0041/00418540.pdf
=859  \\$aELD$bebook
=852  41$aBritish Library$bHMNTS$jELD Digital store
=CAT  \\$a10983$b40$c20130614$lBLL01$h1035
=CAT  \\$a8141$b40$c20130618$lBLL01$h0906
=CAT  \\$a8141$b40$c20130618$lBLL01$h0907
=CAT  \\$a8141$b40$c20130618$lBLL01$h0937
=CAT  \\$aWR14.047$c20140417$lBLL01$h1646
=CAT  \\$aW1611-0868$c20161114$lBLL01$h1414
=CAT  \\$aW1711-1225$c20171203$lBLL01$h1053
=FIN  \\$aY$d20130618
=STA  \\$aSUPPRESSED$bunable to determine reason for suppression
=LAS  \\$aW1711-1225$b00$c20171203$lBLL01$h1053

