=LDR  02130 am a2200517 i 4500
=001  016431573
=003  Uk
=005  20130618105727.0
=006  m\\\\||\\d\|\\\\\\
=007  cr\|||||||||||
=008  130614s2013\\\\stk\\\\\ob\\\|0|0\0|eng\\
=FMT  \\$a  BK
=015  \\$aGBB354765$2bnb
=020  \\$a9781782565093 (ePub)
=020  \\$z9781782564591 (web only)
=020  \\$z9781782565109 (Mobi)
=040  \\$aUk$beng$cUk$erda
=042  \\$aukblsr
=082  04$a361.9411$223
=245  00$aDraft Self-directed Support (Direct Payments) (Scotland) Regulations 2013 :$ba public consultation on draft Regulations to accompany the Social Care (Self-directed Support) (Scotland) Act 2013.
=264  \1$aEdinburgh :$bScottish Government,$cApril 2013.
=300  \\$a1 online resource (18 unnumbered pages)
=336  \\$atext$2rdacontent
=337  \\$acomputer$2rdamedia
=338  \\$aonline resource$2rdacarrier
=504  \\$aIncludes bibliographical references.
=588  \\$aDescription based on online resource; title from PDF cover page (viewed on June 18, 2013).
=610  10$aScotland.$tSelf-directed Support (Direct Payments) (Scotland) Regulations 2013.
=650  \0$aSocial service$xGovernment policy$zScotland.
=650  \0$aSocial service$zScotland$xFinance.
=650  \0$aSocial service$xLaw and legislation$xScotland.
=650  \0$aPeople with disabilities$xCare$zScotland$xFinance.
=650  \0$aPeople with disabilities$zScotland$xFinance, Personal.
=710  1\$aScotland.$bScottish Government,$eissuing body.
=856  40$uhttp://www.scotland.gov.uk/Resource/0041/00418607.pdf
=859  \\$aELD$bebook
=852  41$aBritish Library$bHMNTS$jELD Digital store
=CAT  \\$a10983$b40$c20130614$lBLL01$h1045
=CAT  \\$a10983$b40$c20130614$lBLL01$h1046
=CAT  \\$a8141$b40$c20130618$lBLL01$h1057
=CAT  \\$aWR14.047$c20140417$lBLL01$h1646
=CAT  \\$aW1611-0868$c20161114$lBLL01$h1414
=CAT  \\$aW1711-1225$c20171203$lBLL01$h1053
=FIN  \\$aY$d20130618
=STA  \\$aSUPPRESSED$bunable to determine reason for suppression
=LAS  \\$aW1711-1225$b00$c20171203$lBLL01$h1053

