=LDR  01853 am a2200505 i 4500
=001  016431583
=003  Uk
=005  20130717083635.0
=006  m\\\\||\\d\|\\\\\\
=007  cr\|||||||||||
=008  130614s2013\\\\stka\\\\ob\\\|0|0\0|eng\\
=FMT  \\$a  BK
=015  \\$aGBB354773$2bnb
=020  \\$a9781782565017 (ePub)
=020  \\$z9781782565024 (Mobi)
=020  \\$z9781782564737
=040  \\$aUk$beng$cUk$erda
=042  \\$aukblsr
=082  04$a370.9173409411$223
=110  1\$aScotland.$bCommission on the Delivery of Rural Education,$eauthor.
=245  10$aCommission on the Delivery of Rural Education.
=264  \1$aEdinburgh :$bScottish Government,$cApril 2013.
=300  \\$a1 online resource (68 pages) :$billustrations (colour)
=336  \\$atext$2rdacontent
=337  \\$acomputer$2rdamedia
=338  \\$aonline resource$2rdacarrier
=500  \\$aIssued with appendix.
=504  \\$aIncludes bibliographical references.
=588  \\$aDescription based on online resource; title from PDF title page (viewed on June 18, 2013).
=650  \0$aEducation, Rural$zScotland.
=650  \0$aEducation and state$zScotland.
=710  1\$aScotland.$bScottish Government,$eissuing body.
=710  2\$aConvention of Scottish Local Authorities.
=856  40$uhttp://www.scotland.gov.uk/Resource/0041/00418669.pdf
=859  \\$aELD$bebook
=852  41$aBritish Library$bHMNTS$jELD Digital store
=CAT  \\$a10983$b40$c20130614$lBLL01$h1102
=CAT  \\$a8141$b40$c20130618$lBLL01$h1142
=CAT  \\$a7332$b40$c20130717$lBLL01$h0836
=CAT  \\$aWR14.047$c20140417$lBLL01$h1646
=CAT  \\$aW1611-0868$c20161114$lBLL01$h1414
=CAT  \\$aW1711-1225$c20171203$lBLL01$h1053
=FIN  \\$aY$d20130618
=STA  \\$aSUPPRESSED$bunable to determine reason for suppression
=LAS  \\$aW1711-1225$b00$c20171203$lBLL01$h1053

