=LDR  01609cam a2200433 i 4500
=001  016431611
=003  Uk
=005  20130717150914.0
=006  m\\\\||\\d\|\\\\\\
=007  cr\|||||||||||
=008  130614s2013\\\\stka\\\\o\\\\|0|0\0|eng\\
=FMT  \\$a  BK
=015  \\$aGBB355291$2bnb
=020  \\$a9781782564959 (web only)
=040  \\$aUk$beng$cUk$erda
=042  \\$aukblsr
=082  04$a353.909411$223
=110  1\$aScotland.$bInspectorate of Prosecution in Scotland,$eauthor.
=245  10$aHealth and Safety Division thematic report.
=264  \1$aEdinburgh :$bScottish Government,$cApril 2013.
=300  \\$a1 online resource (52 pages) :$billustrations (colour)
=336  \\$atext$2rdacontent
=337  \\$acomputer$2rdamedia
=338  \\$aonline resource$2rdacarrier
=588  \\$aDescription based on online resource; title from PDF cover page (viewed on June 19, 2013).
=610  10$aScotland.$bProcurator Fiscal Service.$bHealth and Safety Division.
=856  40$uhttp://www.scotland.gov.uk/Resource/0041/00418557.pdf
=859  \\$aELD$bebook
=852  41$aBritish Library$bHMNTS$jELD Digital store
=CAT  \\$a10983$b40$c20130614$lBLL01$h1124
=CAT  \\$a8141$b40$c20130619$lBLL01$h1328
=CAT  \\$a7332$b40$c20130717$lBLL01$h1509
=CAT  \\$aWR14.047$c20140417$lBLL01$h1646
=CAT  \\$aW1611-0868$c20161114$lBLL01$h1414
=CAT  \\$aW1711-1225$c20171203$lBLL01$h1053
=CAT  \\$aBATCH-UPD$b00$c20220305$lBLL01$h1742
=FIN  \\$aY$d20130619
=STA  \\$aSUPPRESSED$bunable to determine reason for suppression
=LAS  \\$aBATCH-UPD$b00$c20220305$lBLL01$h1742

