=LDR  01656 am a2200445 i 4500
=001  016431617
=003  Uk
=005  20130717085110.0
=006  m\\\\||\\d\|\\\\\\
=007  cr\|||||||||||
=008  130614s2013\\\\stka\\\\o|\\\\0|0\0|eng\\
=FMT  \\$a  BK
=015  \\$aGBB354779$2bnb
=040  \\$aUk$beng$cUk$erda
=042  \\$aukblsr
=082  04$a326.409411$223
=245  00$aOur shared vision for independent living in Scotland.
=264  \1$aEdinburgh :$bScottish Government,$cApril 2013.
=300  \\$a1 online resource (10 unnumbered pages) :$billustrations (colour)
=336  \\$atext$2rdacontent
=337  \\$acomputer$2rdamedia
=338  \\$aonline resource$2rdacarrier
=588  \\$aDescription based on online resource; title from PDF cover page (viewed on June 18, 2013).
=650  \0$aPeople with disabilities$xServices for$zScotland.
=710  1\$aScotland.$bHealthier Scotland.
=710  2\$aConvention of Scottish Local Authorities.
=710  2\$aScottish Independent Living Coalition.
=710  2\$aNational Health Service in Scotland.
=856  40$uhttp://www.scotland.gov.uk/Resource/0041/00418828.pdf
=859  \\$aELD$bebook
=852  41$aBritish Library$bHMNTS$jELD Digital store
=CAT  \\$a10983$b40$c20130614$lBLL01$h1127
=CAT  \\$a8141$b40$c20130618$lBLL01$h1230
=CAT  \\$a7332$b40$c20130717$lBLL01$h0851
=CAT  \\$aWR14.047$c20140417$lBLL01$h1646
=CAT  \\$aW1611-0868$c20161114$lBLL01$h1414
=CAT  \\$aW1711-1225$c20171203$lBLL01$h1053
=FIN  \\$aY$d20130618
=STA  \\$aSUPPRESSED$bunable to determine reason for suppression
=LAS  \\$aW1711-1225$b00$c20171203$lBLL01$h1053

