=LDR  02265 am a2200493 i 4500
=001  016431648
=003  Uk
=005  20130620140507.0
=006  m\\\\||\\d\|\\\\\\
=007  cr\|||||||||||
=008  130614s2013\\\\stka\\\\ob\\\|0|0\0|eng\\
=FMT  \\$a  BK
=015  \\$aGBB355395$2bnb
=020  \\$a9781782564904 (ePub)
=020  \\$z9781782564898 (web only)
=020  \\$z9781782564911 (Mobi)
=040  \\$aUk$beng$cUk$erda
=042  \\$aukblsr
=082  04$a362.291309411$223
=110  1\$aScotland.$bScottish Government,$eauthor.
=245  10$aGetting our priorities right :$bupdated good practice guidance for all agencies and practitioners working with children, young people and families affected by problematic alcohol and/or drug use.
=264  \1$aEdinburgh :$bScottish Government,$cApril 2013.
=300  \\$a1 online resource (87 pages) :$billustrations (black and white)
=336  \\$atext$2rdacontent
=337  \\$acomputer$2rdamedia
=338  \\$aonline resource$2rdacarrier
=500  \\$a"This document has been produced as an accompaniment to the 2012 updated Getting It Right for Every Child (GIRFEC) practice guidance which is for use by all child and adult service practitioners working with children, young people and families where problematic alcohol and/or drug use is a factor."--Executive summary.
=504  \\$aIncludes bibliographical references.
=588  \\$aDescription based on online resource; title from PDF cover page (viewed on June 20, 2013).
=650  \0$aAlcoholics$xFamily relationships.
=650  \0$aDrug addicts$xFamily relationships.
=650  \0$aChildren of alcoholics$xServices for$zScotland.
=650  \0$aChildren of drug addicts$xServices for$zScotland.
=856  40$uhttp://www.scotland.gov.uk/Resource/0042/00420685.pdf
=859  \\$aELD$bebook
=852  41$aBritish Library$bHMNTS$jELD Digital store
=CAT  \\$a10983$b40$c20130614$lBLL01$h1148
=CAT  \\$a8141$b40$c20130620$lBLL01$h1405
=CAT  \\$aWR14.047$c20140417$lBLL01$h1646
=CAT  \\$aW1611-0868$c20161114$lBLL01$h1414
=CAT  \\$aW1711-1225$c20171203$lBLL01$h1053
=FIN  \\$aY$d20130620
=STA  \\$aSUPPRESSED$bunable to determine reason for suppression
=LAS  \\$aW1711-1225$b00$c20171203$lBLL01$h1053

