=LDR  01525 am a2200433 i 4500
=001  016431656
=003  Uk
=005  20130620123050.0
=006  m\\\\||\\d\|\\\\\\
=007  cr\|||||||||||
=008  130614s2012\\\\stk\\\\\o\\\\|0|0\0|eng\\
=FMT  \\$a  BK
=015  \\$aGBB355382$2bnb
=020  \\$z9781782560852
=040  \\$aUk$beng$cUk$erda
=042  \\$aukblsr
=082  04$a362.209411$223
=110  1\$aScotland.$bHealthier Scotland,$eauthor.
=245  10$aMental health strategy :$beasy read.
=264  \1$aEdinburgh :$bScottish Government,$cDecember 2012.
=300  \\$a1 online resource (13 pages)
=336  \\$atext$2rdacontent
=337  \\$acomputer$2rdamedia
=338  \\$aonline resource$2rdacarrier
=588  \\$aDescription based on online resource; title from PDF cover page (viewed on June 20, 2013).
=650  \0$aMental health policy$zScotland.
=650  \0$aMental health planning$zScotland.
=710  1\$aScotland.$bScottish Government,$eissuing body.
=856  40$uhttp://www.scotland.gov.uk/Resource/0041/00419434.pdf
=859  \\$aELD$bebook
=852  41$aBritish Library$bHMNTS$jELD Digital store
=CAT  \\$a10983$b40$c20130614$lBLL01$h1152
=CAT  \\$a8141$b40$c20130620$lBLL01$h1230
=CAT  \\$aWR14.047$c20140417$lBLL01$h1646
=CAT  \\$aW1611-0868$c20161114$lBLL01$h1414
=CAT  \\$aW1711-1225$c20171203$lBLL01$h1053
=FIN  \\$aY$d20130620
=STA  \\$aSUPPRESSED$bunable to determine reason for suppression
=LAS  \\$aW1711-1225$b00$c20171203$lBLL01$h1053

