=LDR  01834 am a2200469 i 4500
=001  016431661
=003  Uk
=005  20130719114325.0
=006  m\\\\||\\d\|\\\\\\
=007  cr\|||||||||||
=008  130614s2013\\\\stkab\\\ob\\\|0|0\0|eng\\
=FMT  \\$a  BK
=015  \\$aGBB354792$2bnb
=020  \\$a9781782565130 (web only)
=040  \\$aUk$beng$cUk$erda
=042  \\$aukblsr
=082  04$a388.41321409411$223
=100  1\$aCooper, James M.$c(Transport analyst),$eauthor.
=245  10$aTaxi and private hire car market and local licensing regimes /$cJames M Cooper, Taxi Research, Edinburgh Napier University.
=264  \1$aEdinburgh :$bScottish Government,$cApril 2013.
=300  \\$a1 online resource (35 pages) :$billustrations (colour), 1 map (colour)
=336  \\$atext$2rdacontent
=337  \\$acomputer$2rdamedia
=338  \\$aonline resource$2rdacarrier
=504  \\$aIncludes bibliographical references.
=588  \\$aDescription based on online resource; title from PDF title page (viewed on June 18, 2013).
=650  \0$aTaxicabs$xLicenses$zScotland.
=650  \0$aTaxicab drivers$xLicenses$zScotland.
=650  \0$aTaxicabs$xLaw and legislation$zScotland.
=710  1\$aScotland.$bScottish Government,$eissuing body.
=856  40$uhttp://www.scotland.gov.uk/Resource/0041/00419531.pdf
=859  \\$aELD$bebook
=852  41$aBritish Library$bHMNTS$jELD Digital store
=CAT  \\$a10983$b40$c20130614$lBLL01$h1155
=CAT  \\$a8141$b40$c20130618$lBLL01$h1418
=CAT  \\$a7332$b40$c20130719$lBLL01$h1143
=CAT  \\$aWR14.047$c20140417$lBLL01$h1646
=CAT  \\$aW1611-0868$c20161114$lBLL01$h1414
=CAT  \\$aW1711-1225$c20171203$lBLL01$h1053
=FIN  \\$aY$d20130618
=STA  \\$aSUPPRESSED$bunable to determine reason for suppression
=LAS  \\$aW1711-1225$b00$c20171203$lBLL01$h1053

