=LDR  01578 am a2200433 i 4500
=001  016431664
=003  Uk
=005  20130619081737.0
=006  m\\\\||\\d\|\\\\\\
=007  cr\|||||||||||
=008  130614s2013\\\\stk\\\\\ob\\\|0|0\0|eng\\
=FMT  \\$a  BK
=015  \\$aGBB354796$2bnb
=040  \\$aUk$beng$cUk$erda
=042  \\$aukblsr
=082  04$a332.49411$223
=110  1\$aScotland.$bScottish Government,$eauthor.
=245  10$aCurrency choices for an independent Scotland :$bresponse to the Fiscal Commission Working Group.
=264  \1$aEdinburgh :$bScottish Government,$cApril 2013.
=300  \\$a1 online resource (11 pages)
=336  \\$atext$2rdacontent
=337  \\$acomputer$2rdamedia
=338  \\$aonline resource$2rdacarrier
=504  \\$aIncludes bibliographical references.
=588  \\$aDescription based on online resource; title from PDF title page (viewed on June 18, 2013).
=650  \0$aMonetary policy$zScotland.
=650  \0$aMonetary unions$zScotland.
=856  40$uhttp://www.scotland.gov.uk/Resource/0042/00420804.pdf
=859  \\$aELD$bebook
=852  41$aBritish Library$bHMNTS$jELD Digital store
=CAT  \\$a10983$b40$c20130614$lBLL01$h1158
=CAT  \\$a8141$b40$c20130618$lBLL01$h1446
=CAT  \\$a8141$b40$c20130619$lBLL01$h0817
=CAT  \\$aWR14.047$c20140417$lBLL01$h1646
=CAT  \\$aW1611-0868$c20161114$lBLL01$h1414
=CAT  \\$aW1711-1225$c20171203$lBLL01$h1053
=FIN  \\$aY$d20130618
=STA  \\$aSUPPRESSED$bunable to determine reason for suppression
=LAS  \\$aW1711-1225$b00$c20171203$lBLL01$h1053

