=LDR  01807 am a2200481 i 4500
=001  016431673
=003  Uk
=005  20130620093516.0
=006  m\\\\||\\d\|\\\\\\
=007  cr\|||||||||||
=008  130614s2013\\\\stk\\\\\ob\\\|0|1\0|eng\\
=FMT  \\$a  BK
=015  \\$aGBB355350$2bnb
=020  \\$z9781782564836
=040  \\$aUk$beng$cUk$erda
=042  \\$aukblsr
=082  04$a345.411087$223
=245  04$aThe children's hearings system in Scotland.$nVolume 2,$pChildren's hearings handbook :$btraining resource manual.
=246  13$aChildren's hearings handbook
=250  \\$a[Revised edition].
=264  \1$aEdinburgh :$bScottish Government,$cApril 2013.
=300  \\$a1 online resource (381 pages)
=336  \\$atext$2rdacontent
=337  \\$acomputer$2rdamedia
=338  \\$aonline resource$2rdacarrier
=500  \\$a"Smarter Scotland."--Cover.
=504  \\$aIncludes bibliographical references and index.
=588  \\$aDescription based on online resource; title from PDF title page (viewed on June 20, 2013).
=650  \0$aJuvenile courts$zScotland.
=650  \0$aJuvenile justice, Administration of$zScotland.
=650  \0$aChildren$xLegal status, laws, etc.$zScotland.
=710  1\$aScotland.$bScottish Government,$eissuing body.
=856  40$uhttp://www.scotland.gov.uk/Resource/0041/00419420.pdf
=859  \\$aELD$bebook
=852  41$aBritish Library$bHMNTS$jELD Digital store
=CAT  \\$a10983$b40$c20130614$lBLL01$h1204
=CAT  \\$a8141$b40$c20130620$lBLL01$h0935
=CAT  \\$aWR14.047$c20140417$lBLL01$h1646
=CAT  \\$aW1611-0868$c20161114$lBLL01$h1414
=CAT  \\$aW1711-1225$c20171203$lBLL01$h1053
=FIN  \\$aY$d20130620
=STA  \\$aSUPPRESSED$bunable to determine reason for suppression
=LAS  \\$aW1711-1225$b00$c20171203$lBLL01$h1053

