=LDR  01888 am a2200505 i 4500
=001  016431682
=003  Uk
=005  20130620093425.0
=006  m\\\\||\\d\|\\\\\\
=007  cr\|||||||||||
=008  130614s2013\\\\stk\\\\\o\\\\|0|1\0|eng\\
=FMT  \\$a  BK
=015  \\$aGBB355336$2bnb
=020  \\$z9781782564829
=040  \\$aUk$beng$cUk$erda
=042  \\$aukblsr
=082  04$a345.411087$223
=245  04$aThe children's hearings system in Scotland.$nVolume 1,$pLegislation and procedure :$btraining resource manual.
=250  \\$a[Revised edition].
=264  \1$aEdinburgh :$bScottish Government,$cApril 2013.
=300  \\$a1 online resource (507 pages)
=336  \\$atext$2rdacontent
=337  \\$acomputer$2rdamedia
=338  \\$aonline resource$2rdacarrier
=500  \\$aIncludes index.
=500  \\$a"Smarter Scotland."--Cover.
=588  \\$aDescription based on online resource; title from PDF title page (viewed on June 20, 2013).
=610  10$aScotland.$tChildren's Hearings (Scotland) Act 2011.
=650  \0$aJuvenile courts$zScotland.
=650  \0$aJuvenile justice, Administration of$zScotland.
=650  \0$aChildren$xLegal status, laws, etc.$zScotland.
=710  1\$aScotland.$bScottish Government,$eissuing body.
=856  40$uhttp://www.scotland.gov.uk/Resource/0041/00419222.pdf
=859  \\$aELD$bebook
=852  41$aBritish Library$bHMNTS$jELD Digital store
=CAT  \\$a10983$b40$c20130614$lBLL01$h1211
=CAT  \\$a8141$b40$c20130620$lBLL01$h0913
=CAT  \\$a8141$b40$c20130620$lBLL01$h0933
=CAT  \\$a8141$b40$c20130620$lBLL01$h0934
=CAT  \\$aWR14.047$c20140417$lBLL01$h1646
=CAT  \\$aW1611-0868$c20161114$lBLL01$h1414
=CAT  \\$aW1711-1225$c20171203$lBLL01$h1053
=FIN  \\$aY$d20130620
=STA  \\$aSUPPRESSED$bunable to determine reason for suppression
=LAS  \\$aW1711-1225$b00$c20171203$lBLL01$h1053

