=LDR  01618 am a2200433 i 4500
=001  016431691
=003  Uk
=005  20130619083723.0
=006  m\\\\||\\d\|\\\\\\
=007  cr\|||||||||||
=008  130614s2013\\\\stk\\\\\ob\\\|0|0\0|eng\\
=FMT  \\$a  BK
=015  \\$aGBB355241$2bnb
=020  \\$a9781782565208 (web only)
=040  \\$aUk$beng$cUk$erda
=042  \\$aukblsr
=082  04$a365.9411$223
=110  1\$aScotland.$bScottish Government,$eauthor.
=245  14$aThe Scottish Government response to the review of proposals to improve arrangements for independent monitoring of prisons.
=264  \1$aEdinburgh :$bScottish Government,$cApril 2013.
=300  \\$a1 online resource (13 pages)
=336  \\$atext$2rdacontent
=337  \\$acomputer$2rdamedia
=338  \\$aonline resource$2rdacarrier
=504  \\$aIncludes bibliographical references.
=588  \\$aDescription based on online resource; title from PDF cover page (viewed on June 19, 2013).
=650  \0$aPrisons$zScotland$xEvaluation.
=650  \0$aPrison administration$zScotland$xEvaluation.
=856  40$uhttp://www.scotland.gov.uk/Resource/0042/00420798.pdf
=859  \\$aELD$bebook
=852  41$aBritish Library$bHMNTS$jELD Digital store
=CAT  \\$a10983$b40$c20130614$lBLL01$h1219
=CAT  \\$a8141$b40$c20130619$lBLL01$h0837
=CAT  \\$aWR14.047$c20140417$lBLL01$h1646
=CAT  \\$aW1611-0868$c20161114$lBLL01$h1414
=CAT  \\$aW1711-1225$c20171203$lBLL01$h1053
=FIN  \\$aY$d20130619
=STA  \\$aSUPPRESSED$bunable to determine reason for suppression
=LAS  \\$aW1711-1225$b00$c20171203$lBLL01$h1053

