=LDR  01591 am a2200445 i 4500
=001  016431693
=003  Uk
=005  20130619083042.0
=006  m\\\\||\\d\|\\\\\\
=007  cr\|||||||||||
=008  130614s2013\\\\stk\\\\\ob\\\|0|0\0|eng\\
=FMT  \\$a  BK
=015  \\$aGBB355239$2bnb
=020  \\$a9781782565420 (web only)
=040  \\$aUk$beng$cUk$erda
=042  \\$aukblsr
=082  04$a361.61409411$223
=245  00$aConsultation on independent advocacy - guide for commissioners.
=246  13$aIndependent advocacy
=264  \1$aEdinburgh :$bScottish Government,$cApril 2013.
=300  \\$a1 online resource (42 pages)
=336  \\$atext$2rdacontent
=337  \\$acomputer$2rdamedia
=338  \\$aonline resource$2rdacarrier
=504  \\$aIncludes bibliographical references.
=588  \\$aDescription based on online resource; title from PDF cover page (viewed on June 19, 2013).
=650  \0$aSocial advocacy$zScotland.
=710  1\$aScotland.$bScottish Government,$eissuing body.
=856  40$uhttp://www.scotland.gov.uk/Resource/0042/00420733.pdf
=859  \\$aELD$bebook
=852  41$aBritish Library$bHMNTS$jELD Digital store
=CAT  \\$a10983$b40$c20130614$lBLL01$h1223
=CAT  \\$a8141$b40$c20130619$lBLL01$h0824
=CAT  \\$a8141$b40$c20130619$lBLL01$h0830
=CAT  \\$aWR14.047$c20140417$lBLL01$h1646
=CAT  \\$aW1611-0868$c20161114$lBLL01$h1414
=CAT  \\$aW1711-1225$c20171203$lBLL01$h1053
=FIN  \\$aY$d20130619
=STA  \\$aSUPPRESSED$bunable to determine reason for suppression
=LAS  \\$aW1711-1225$b00$c20171203$lBLL01$h1053

