=LDR  01604 am a2200445 i 4500
=001  016431696
=003  Uk
=005  20130619090917.0
=006  m\\\\||\\d\|\\\\\\
=007  cr\|||||||||||
=008  130614s2013\\\\stka\\\\ob\\\|0|0\0|eng\\
=FMT  \\$a  BK
=015  \\$aGBB355248$2bnb
=020  \\$a9781782565215 (web only)
=040  \\$aUk$beng$cUk$erda
=042  \\$aukblsr
=082  04$a363.72809411$223
=245  00$aGuidance on applying the waste hierarchy.
=264  \1$aEdinburgh :$bScottish Government,$cApril 2013.
=300  \\$a1 online resource (49 pages) :$billustrations (colour)
=336  \\$atext$2rdacontent
=337  \\$acomputer$2rdamedia
=338  \\$aonline resource$2rdacarrier
=504  \\$aIncludes bibliographical references.
=588  \\$aDescription based on online resource; title from PDF cover page (viewed on June 19, 2013).
=650  \0$aRefuse and refuse disposal$zScotland.
=650  \0$aRecycling (Waste, etc.)$zScotland.
=710  1\$aScotland.$bScottish Government,$eissuing body.
=710  2\$aNatural Scotland.
=856  40$uhttp://www.scotland.gov.uk/Resource/0042/00420711.pdf
=859  \\$aELD$bebook
=852  41$aBritish Library$bHMNTS$jELD Digital store
=CAT  \\$a10983$b40$c20130614$lBLL01$h1230
=CAT  \\$a8141$b40$c20130619$lBLL01$h0909
=CAT  \\$aWR14.047$c20140417$lBLL01$h1646
=CAT  \\$aW1611-0868$c20161114$lBLL01$h1414
=CAT  \\$aW1711-1225$c20171203$lBLL01$h1053
=FIN  \\$aY$d20130619
=STA  \\$aSUPPRESSED$bunable to determine reason for suppression
=LAS  \\$aW1711-1225$b00$c20171203$lBLL01$h1053

