=LDR  02420 am a2200577 i 4500
=001  016432595
=003  Uk
=005  20130730091832.0
=006  m\\\\||\\d\|\\\\\\
=007  cr\|||||||||||
=008  130617s2013\\\\enka\\\\ob\\\\0|0\0|eng\\
=FMT  \\$a  BK
=015  \\$aGBB355378$2bnb
=040  \\$aUk$beng$cUk$erda
=042  \\$aukblsr
=082  04$a616.1237075$223
=100  1\$aCollinson, P. O.$q(Paul O.),$eauthor.
=245  10$aRandomised assessment of treatment using panel assay of cardiac markers - contemporary biomarker evaluation (RATPAC CBE) /$cPO Collinson, DC Gaze, P Thokala and S Goodacre, Clinical Blood Sciences Laboratory, St George's Hospital, London, UK.
=264  \1$aSouthampton :$bNIHR Journals Library,$cApril 2013.
=300  \\$a1 online resource (xvii, 122 pages) :$billustrations (black and white).
=336  \\$atext$2rdacontent
=337  \\$acomputer$2rdamedia
=338  \\$aonline resource$2rdacarrier
=490  1\$aHealth technology assessment,$x1366-5278 ;$vvolume 17, issue 15
=530  \\$aAlso issued in print format
=504  \\$aIncludes bibliographical references.
=588  \\$aDescription based on online resource; title from PDF title page (viewed on June 20, 2013).
=650  \0$aMyocardial infarction$xDiagnosis.
=650  \0$aBiochemical markers.
=650  \0$aClinical trials$zGreat Britain.
=700  1\$aGaze, David Christopher,$eauthor.
=700  1\$aThokala, P.,$eauthor.
=700  1\$aGoodacre, S. W.$q(Steve W.),$eauthor.
=710  2\$aNIHR Journals Library,$epublisher.
=710  2\$aNational Institute for Health Research.
=830  \0$aHealth technology assessment (Winchester, England),$vvolume 17, issue 15.
=856  40$uhttp://www.hta.ac.uk/fullmono/mon1715.pdf
=859  \\$aELD$bebook
=852  41$aBritish Library$bHMNTS$jELD Digital store
=CAT  \\$a10983$b40$c20130617$lBLL01$h0853
=CAT  \\$a10983$b40$c20130617$lBLL01$h0900
=CAT  \\$a8141$b40$c20130620$lBLL01$h1203
=CAT  \\$a7332$b40$c20130620$lBLL01$h1531
=CAT  \\$a7332$b40$c20130621$lBLL01$h1103
=CAT  \\$a11281$b40$c20130730$lBLL01$h0918
=CAT  \\$aWR14.047$c20140417$lBLL01$h1646
=CAT  \\$aW1611-0868$c20161114$lBLL01$h1414
=CAT  \\$aW1711-1225$c20171203$lBLL01$h1053
=FIN  \\$aY$d20130620
=STA  \\$aSUPPRESSED$bunable to determine reason for suppression
=LAS  \\$aW1711-1225$b00$c20171203$lBLL01$h1053

