=LDR  02001 am a2200517 i 4500
=001  016432610
=003  Uk
=005  20130621115424.0
=006  m\\\\||\\d\|\\\\\\
=007  cr\|||||||||||
=008  130617s2013\\\\enka\\\\ob\\\\0|0\0|eng\\
=FMT  \\$a  BK
=015  \\$aGBB355261$2bnb
=020  \\$a9781859359785 (pdf)
=040  \\$aUk$beng$cUk$erda
=042  \\$aukblsr
=082  04$a362.5820941$223
=100  1\$aPadley, Matt,$eauthor.
=245  10$aHouseholds below a minimum income standard :$b2008/09 to 2010/11 /$cMatt Padley, Donald Hirsch.
=264  \1$aYork :$bJoseph Rowntree Foundation,$c2013.
=300  \\$a1 online resource (48 pages) :$billustrations (colour)
=336  \\$atext$2rdacontent
=337  \\$acomputer$2rdamedia
=338  \\$aonline resource$2rdacarrier
=500  \\$aPublisher's reference: 2897.
=500  \\$a"April 2013."
=504  \\$aIncludes bibliographical references.
=588  \\$aDescription based on online resource; title from PDF cover page (viewed on June 19, 2013).
=650  \0$aGuaranteed annual income$zGreat Britain.
=650  \0$aIncome$zGreat Britain.
=650  \0$aHouseholds$zGreat Britain$xEconomic conditions$y21st century$xStatistics.
=650  \0$aHouseholds$zGreat Britain$xEconomic conditions$y21st century$vStatistics.
=700  1\$aHirsch, Donald,$eauthor.
=710  2\$aJoseph Rowntree Foundation,$epublisher.
=856  40$uhttp://www.jrf.org.uk/sites/files/jrf/household-income-standards-full.pdf
=859  \\$aELD$bebook
=852  41$aBritish Library$bHMNTS$jELD Digital store
=CAT  \\$a10983$b40$c20130617$lBLL01$h0908
=CAT  \\$a8141$b40$c20130619$lBLL01$h1045
=CAT  \\$a7332$b40$c20130621$lBLL01$h1154
=CAT  \\$aWR14.047$c20140417$lBLL01$h1646
=CAT  \\$aW1611-0868$c20161114$lBLL01$h1414
=CAT  \\$aW1711-1225$c20171203$lBLL01$h1053
=FIN  \\$aY$d20130619
=STA  \\$aSUPPRESSED$bunable to determine reason for suppression
=LAS  \\$aW1711-1225$b00$c20171203$lBLL01$h1053

