=LDR  01799 am a2200445 i 4500
=001  016432614
=003  Uk
=005  20130619115052.0
=006  m\\\\||\\d\|\\\\\\
=007  cr\|||||||||||
=008  130617s2013\\\\enkab\\\o\\\\|0|0\0|eng\\
=FMT  \\$a  BK
=015  \\$aGBB355276$2bnb
=040  \\$aUk$beng$cUk$erda
=042  \\$aukblsr
=082  04$a363.12265094127$223
=110  1\$aGreat Britain.$bRail Accident Investigation Branch,$eauthor.
=245  10$aDangerous occurrence involving engineering possession, near Dunblane, Scotland 28 October 2012.
=264  \1$aDerby :$bRail Accident Investigation Branch, Department for Transport,$cApril 2013.
=300  \\$a1 online resource (21 pages) :$billustrations (colour), 1 map (colour).
=336  \\$atext$2rdacontent
=337  \\$acomputer$2rdamedia
=338  \\$aonline resource$2rdacarrier
=490  0\$aRail accident report ;$v05/2013
=530  \\$aAlso issued in print format.
=588  \\$aDescription based on online resource; title from PDF cover page (viewed on June 19, 2013).
=650  \0$aRailroad accidents$xInvestigation$zScotland$zDunblane.
=650  \0$aRailroad accidents$zScotland$zDunblane.
=856  40$uhttp://www.raib.gov.uk/publications/investigation_reports/reports_2013/report052013.cfm
=859  \\$aELD$bebook
=852  41$aBritish Library$bHMNTS$jELD Digital store
=CAT  \\$a10983$b40$c20130617$lBLL01$h0915
=CAT  \\$a10983$b40$c20130617$lBLL01$h0917
=CAT  \\$a8141$b40$c20130619$lBLL01$h1150
=CAT  \\$aWR14.047$c20140417$lBLL01$h1646
=CAT  \\$aW1611-0868$c20161114$lBLL01$h1414
=CAT  \\$aW1711-1225$c20171203$lBLL01$h1053
=FIN  \\$aY$d20130619
=STA  \\$aSUPPRESSED$bunable to determine reason for suppression
=LAS  \\$aW1711-1225$b00$c20171203$lBLL01$h1053

