=LDR  01703 am a2200457 i 4500
=001  016434046
=003  Uk
=005  20130716115131.0
=006  m\\\\||\\d\|\\\\\\
=007  cr\|||||||||||
=008  130619s2013\\\\enka\\\\ob\\\\000\0|eng\\
=FMT  \\$a  BK
=015  \\$aGBB361167$2bnb
=040  \\$aUk$beng$cUk$erda
=042  \\$aukblsr
=082  04$a331.398$223
=100  1\$aBerry, Craig,$eauthor.
=245  10$aExtending working lives :$ba provocation /$ccontributing authors Craig Berry and Kate Jopling.
=264  \1$aLondon :$bILC-UK,$cMay 2013.
=300  \\$a1 online resource (30 pages) :$billustrations (colour)
=336  \\$atext$2rdacontent
=337  \\$acomputer$2rdamedia
=338  \\$aonline resource$2rdacarrier
=504  \\$aIncludes bibliographical references.
=588  \\$aDescription based on online resource; title from PDF cover page (viewed on July 16, 2013).
=650  \0$aOlder people$xEmployment.
=650  \0$aAge and employment.
=690  7\$aSocial Welfare$2blcoll
=700  1\$aJopling, Kate,$eauthor.
=710  2\$aInternational Longevity Centre UK,$epublisher.
=856  40$uhttp://www.ilcuk.org.uk/images/uploads/publication-pdfs/Extending_working_lives-_A_Provocation_FINAL.pdf
=859  \\$aELD$bebook
=852  41$aBritish Library$bHMNTS$jELD Digital store
=CAT  \\$a12664$b40$c20130619$lBLL01$h0903
=CAT  \\$a7332$b40$c20130716$lBLL01$h1151
=CAT  \\$aWR14.047$c20140417$lBLL01$h1646
=CAT  \\$aW1611-0868$c20161114$lBLL01$h1414
=CAT  \\$aW1711-1225$c20171203$lBLL01$h1053
=FIN  \\$aY$d20130716
=STA  \\$aSUPPRESSED$bunable to determine reason for suppression
=LAS  \\$aW1711-1225$b00$c20171203$lBLL01$h1053

