=LDR  02094 am a2200541 i 4500
=001  016434050
=003  Uk
=005  20130823111131.0
=006  m\\\\||\\d\|\\\\\\
=007  cr\|||||||||||
=008  130619s2013\\\\enka\\\\o\\\\\0|0\0|eng\\
=FMT  \\$a  BK
=015  \\$aGBB375560$2bnb
=040  \\$aUk$beng$cUk$erda
=042  \\$aukblsr
=082  04$a338.477$223
=245  00$aDriving growth through local government investment in the arts.
=264  \1$aLondon :$bLocal Government Association,$c[March 2013]
=300  \\$a1 online resource (30 pages, 2 unnumbered pages) :$billustrations (colour)
=336  \\$atext$2rdacontent
=337  \\$acomputer$2rdamedia
=338  \\$aonline resource$2rdacarrier
=500  \\$a"Culture, tourism and sport" -- Cover.
=500  \\$aPublisher's no. L13-70.
=588  \\$aDescription based on online resource; title from PDF cover page (viewed on August 23, 2013).
=650  \0$aArts$xEconomic aspects.
=650  \0$aArtists and community$xEconomic aspects.
=650  \0$aPublic investments$zEngland.
=650  \0$aPublic investments$zWales.
=650  \0$aCommunity arts projects$zEngland.
=650  \0$aCommunity arts projects$zWales.
=650  \0$aEconomic development$zEngland.
=650  \0$aEconomic development$zWales.
=690  7\$aSocial Welfare$2blcoll
=710  2\$aLocal Government Association (England and Wales),$eissuing body.
=856  40$uhttp://www.local.gov.uk/c/document_library/get_file?uuid=5ee9993d-f6e3-4c66-9c1f-c87e56b95cd0&groupId=10171
=859  \\$aELD$bebook
=852  41$aBritish Library$bHMNTS$jELD Digital store
=CAT  \\$a12664$b40$c20130619$lBLL01$h0915
=CAT  \\$a7332$b40$c20130823$lBLL01$h1043
=CAT  \\$a7332$b40$c20130823$lBLL01$h1054
=CAT  \\$a7332$b40$c20130823$lBLL01$h1111
=CAT  \\$aWR14.047$c20140417$lBLL01$h1646
=CAT  \\$aW1611-0868$c20161114$lBLL01$h1414
=CAT  \\$aW1711-1225$c20171203$lBLL01$h1053
=FIN  \\$aY$d20130823
=STA  \\$aSUPPRESSED$bunable to determine reason for suppression
=LAS  \\$aW1711-1225$b00$c20171203$lBLL01$h1053

