=LDR  01991 am a2200505 i 4500
=001  016434053
=003  Uk
=005  20130823115957.0
=006  m\\\\||\\d\|\\\\\\
=007  cr\|||||||||||
=008  130619s2013\\\\enka\\\\ob\\\\0|0\0|eng\\
=FMT  \\$a  BK
=015  \\$aGBB375569$2bnb
=040  \\$aUk$beng$cUk$erda
=042  \\$aukblsr
=082  04$a613.250942$223
=245  00$aNational Child Measurement Programme :$bbriefing for elected members.
=264  \1$aLondon :$bLocal Government Association,$c[April 2013]
=300  \\$a1 online resource (7 pages, 1 unnumbered page) :$billustrations (colour)
=336  \\$atext$2rdacontent
=337  \\$acomputer$2rdamedia
=338  \\$aonline resource$2rdacarrier
=500  \\$a"Health, adult social care and ageing" -- Cover.
=500  \\$aPublisher's no. L13-267.
=504  \\$aIncludes bibliographical references.
=588  \\$aDescription based on online resource; title from PDF cover page (viewed on August 23, 2013).
=610  20$aNational Child Measurement Programme (Great Britain)
=650  \0$aBody mass index$zEngland.
=650  \0$aChildren$xHealth and hygiene$zEngland.
=650  \0$aObesity in children$zEngland.
=650  \0$aOverweight children$zEngland.
=690  7\$aSocial Welfare$2blcoll
=710  2\$aLocal Government Association (England and Wales),$eissuing body.
=710  2\$aPublic Health England.
=856  40$uhttp://www.local.gov.uk/c/document_library/get_file?uuid=b69d15c5-55b2-4108-a48a-7c994c09fa4c&groupId=10171
=859  \\$aELD$bebook
=852  41$aBritish Library$bHMNTS$jELD Digital store
=CAT  \\$a12664$b40$c20130619$lBLL01$h0917
=CAT  \\$a7332$b40$c20130823$lBLL01$h1159
=CAT  \\$aWR14.047$c20140417$lBLL01$h1646
=CAT  \\$aW1611-0868$c20161114$lBLL01$h1414
=CAT  \\$aW1711-1225$c20171203$lBLL01$h1053
=FIN  \\$aY$d20130823
=STA  \\$aSUPPRESSED$bunable to determine reason for suppression
=LAS  \\$aW1711-1225$b00$c20171203$lBLL01$h1053

