=LDR  01748 am a2200457 i 4500
=001  016434055
=003  Uk
=005  20130823111114.0
=006  m\\\\||\\d\|\\\\\\
=007  cr\|||||||||||
=008  130619s2013\\\\enka\\\\o\\\\\0|0\0|eng\\
=FMT  \\$a  BK
=015  \\$aGBB375562$2bnb
=040  \\$aUk$beng$cUk$erda
=042  \\$aukblsr
=082  04$a363.370681$223
=245  00$aFire future funding report.
=264  \1$aLondon :$bLocal Government Association,$c[March 2013]
=300  \\$a1 online resource (21 pages, 3 unnumbered pages) :$billustrations (colour)
=336  \\$atext$2rdacontent
=337  \\$acomputer$2rdamedia
=338  \\$aonline resource$2rdacarrier
=500  \\$aPublisher's no. L13-131.
=588  \\$aDescription based on online resource; title from PDF cover page (viewed on August 23, 2013).
=650  \0$aFire departments$zEngland$xFinance.
=650  \0$aSearch and rescue operations$zEngland$xFinance.
=690  7\$aSocial Welfare$2blcoll
=710  2\$aLocal Government Association (England and Wales),$eissuing body.
=856  40$uhttp://www.local.gov.uk/c/document_library/get_file?uuid=f39bf1ab-77fa-4630-998f-7db3a9e213ea&groupId=10171
=859  \\$aELD$bebook
=852  41$aBritish Library$bHMNTS$jELD Digital store
=CAT  \\$a12664$b40$c20130619$lBLL01$h0920
=CAT  \\$a7332$b40$c20130823$lBLL01$h1051
=CAT  \\$a7332$b40$c20130823$lBLL01$h1053
=CAT  \\$a7332$b40$c20130823$lBLL01$h1111
=CAT  \\$aWR14.047$c20140417$lBLL01$h1646
=CAT  \\$aW1611-0868$c20161114$lBLL01$h1414
=CAT  \\$aW1711-1225$c20171203$lBLL01$h1053
=FIN  \\$aY$d20130823
=STA  \\$aSUPPRESSED$bunable to determine reason for suppression
=LAS  \\$aW1711-1225$b00$c20171203$lBLL01$h1053

