=LDR  01803 am a2200469 i 4500
=001  016434056
=003  Uk
=005  20130823091247.0
=006  m\\\\||\\d\|\\\\\\
=007  cr\|||||||||||
=008  130619s2013\\\\enk\\\\\o\\\\\0|0\0|eng\\
=FMT  \\$a  BK
=015  \\$aGBB375550$2bnb
=040  \\$aUk$beng$cUk$erda
=042  \\$aukblsr
=082  04$a362.10942$223
=245  03$aAn offer of help and support to improve the local delivery of health services.
=264  \1$aLondon :$bLocal Government Association,$c[March 2013]
=300  \\$a1 online resource (3 pages, 1 unnumbered page)
=336  \\$atext$2rdacontent
=337  \\$acomputer$2rdamedia
=338  \\$aonline resource$2rdacarrier
=500  \\$a"Health, adult social care and ageing" -- Cover.
=500  \\$aPublisher's no. L13-166.
=588  \\$aDescription based on online resource; title from PDF cover page (viewed on August 23, 2013).
=650  \0$aPublic health$zEngland.
=650  \0$aPublic health$zWales.
=650  \0$aCommunity health services$zEngland.
=650  \0$aCommunity health services$zWales.
=690  7\$aSocial Welfare$2blcoll
=710  2\$aLocal Government Association (England and Wales),$eissuing body.
=856  40$uhttp://www.local.gov.uk/c/document_library/get_file?uuid=14c8d490-d678-42e6-8d65-7af428bd3623&groupId=10171
=859  \\$aELD$bebook
=852  41$aBritish Library$bHMNTS$jELD Digital store
=CAT  \\$a12664$b40$c20130619$lBLL01$h0922
=CAT  \\$a7332$b40$c20130823$lBLL01$h0912
=CAT  \\$aWR14.047$c20140417$lBLL01$h1646
=CAT  \\$aW1611-0868$c20161114$lBLL01$h1414
=CAT  \\$aW1711-1225$c20171203$lBLL01$h1053
=FIN  \\$aY$d20130823
=STA  \\$aSUPPRESSED$bunable to determine reason for suppression
=LAS  \\$aW1711-1225$b00$c20171203$lBLL01$h1053

