=LDR  01862 am a2200493 i 4500
=001  016434064
=003  Uk
=005  20130925103802.0
=006  m\\\\||\\d\|\\\\\\
=007  cr\|||||||||||
=008  130619s2013\\\\enk\\\\\ob\\\\0|0\0|eng\\
=FMT  \\$a  BK
=015  \\$aGBB375564$2bnb
=040  \\$aUk$beng$cUk$erda
=042  \\$aukblsr
=082  04$a614.523$223
=245  00$aMeasles :$bFrequently asked questions. Briefing for councillors.
=264  \1$aLondon :$bLocal Government Association,$c2013.
=300  \\$a1 online resource (4 pages, 1 unnumbered page)
=336  \\$atext$2rdacontent
=337  \\$acomputer$2rdamedia
=338  \\$aonline resource$2rdacarrier
=500  \\$a"Health, adult social care and ageing" -- Cover.
=500  \\$aPiblisher's no. L13-324.
=504  \\$aIncludes bibliographical references.
=588  \\$aDescription based on online resource; title from PDF cover page (viewed on August 23, 2013).
=650  \0$aMeasles virus.
=650  \0$aHealth promotion$zEngland.
=690  7\$aSocial Welfare$2blcoll
=710  2\$aLocal Government Association (England and Wales),$eissuing body.
=710  2\$aPublic Health England.
=856  40$uhttp://www.local.gov.uk/c/document_library/get_file?uuid=58c9abf4-62f2-4df8-b896-49b5375e81d4&groupId=10171
=859  \\$aELD$bebook
=852  41$aBritish Library$bHMNTS$jELD Digital store
=CAT  \\$a12664$b40$c20130619$lBLL01$h0926
=CAT  \\$a7332$b40$c20130823$lBLL01$h1117
=CAT  \\$a7332$b40$c20130823$lBLL01$h1119
=CAT  \\$a7332$b40$c20130925$lBLL01$h1038
=CAT  \\$aWR14.047$c20140417$lBLL01$h1646
=CAT  \\$aW1611-0868$c20161114$lBLL01$h1414
=CAT  \\$aW1711-1225$c20171203$lBLL01$h1053
=FIN  \\$aY$d20130823
=STA  \\$aSUPPRESSED$bunable to determine reason for suppression
=LAS  \\$aW1711-1225$b00$c20171203$lBLL01$h1053

