=LDR  01802 am a2200457 i 4500
=001  016434068
=003  Uk
=005  20130823112941.0
=006  m\\\\||\\d\|\\\\\\
=007  cr\|||||||||||
=008  130619s2013\\\\enka\\\\ob\\\\0|0\0|eng\\
=FMT  \\$a  BK
=015  \\$aGBB375567$2bnb
=040  \\$aUk$beng$cUk$erda
=042  \\$aukblsr
=082  04$a306.87430942$223
=245  00$aTackling teenage pregnancy :$bLocal government's new public health role.
=264  \1$aLondon :$bLocal Government Association,$c[April 2013]
=300  \\$a1 online resource (11 pages, 1 unnumbered page) :$billustrations (colour)
=336  \\$atext$2rdacontent
=337  \\$acomputer$2rdamedia
=338  \\$aonline resource$2rdacarrier
=500  \\$a"Health, adult social care and ageing" -- Cover.
=500  \\$aPublisher's no. L13-268.
=504  \\$aIncludes bibliographical references.
=588  \\$aDescription based on online resource; title from PDF cover page (viewed on August 23, 2013).
=650  \0$aTeenage pregnancy$zEngland.
=650  \0$aTeenage pregnancy$zEngland$xPrevention.
=690  7\$aSocial Welfare$2blcoll
=710  2\$aLocal Government Association (England and Wales),$eissuing body.
=856  40$uhttp://www.local.gov.uk/c/document_library/get_file?uuid=ac6c02ec-3864-4772-85ec-80d4ed790900&groupId=10171
=859  \\$aELD$bebook
=852  41$aBritish Library$bHMNTS$jELD Digital store
=CAT  \\$a12664$b40$c20130619$lBLL01$h0928
=CAT  \\$a7332$b44$c20130823$lBLL01$h1129
=CAT  \\$aWR14.047$c20140417$lBLL01$h1646
=CAT  \\$aW1611-0868$c20161114$lBLL01$h1414
=CAT  \\$aW1711-1225$c20171203$lBLL01$h1053
=FIN  \\$aY$d20130823
=STA  \\$aSUPPRESSED$bunable to determine reason for suppression
=LAS  \\$aW1711-1225$b00$c20171203$lBLL01$h1053

