=LDR  01771 am a2200469 i 4500
=001  016434093
=003  Uk
=005  20131002154317.0
=006  m\\\\||\\d\|\\\\\\
=007  cr\|||||||||||
=008  130619s2012\\\\enka\\\\o\\\\\0|0\0|eng\\
=FMT  \\$a  BK
=015  \\$aGBB386117$2bnb
=040  \\$aUk$beng$cUk$erda
=042  \\$aukblsr
=082  04$a362.19683$223
=245  00$aDementia :$bworkers and carers together : A guide for social care workers on supporting family and friends carers of people with dementia.
=264  \1$aLeeds :$bSkills for Care,$c[2012]
=300  \\$a1 online resource (29 pages) :$billustrations (black and white)
=336  \\$atext$2rdacontent
=337  \\$acomputer$2rdamedia
=338  \\$aonline resource$2rdacarrier
=500  \\$a"Spring 2012."
=500  \\$a"SfC ref: DS034."
=588  \\$aDescription based on online resource; title from PDF cover page (viewed on September 20, 2013).
=650  \0$aDementia$xPatients$xFamily relationships.
=650  \0$aDementia$xPatients$xCare.
=690  7\$aSocial Welfare$2blcoll
=710  2\$aSkills for Care (Organization)
=710  2\$aDementia UK (Organization)
=856  40$uhttp://www.skillsforcare.org.uk/nmsruntime/saveasdialog.aspx?lID=12430&sID=3401
=859  \\$aELD$bebook
=852  41$aBritish Library$bHMNTS$jELD Digital store
=CAT  \\$a12664$b40$c20130619$lBLL01$h0957
=CAT  \\$a7332$b40$c20130920$lBLL01$h1111
=CAT  \\$a7332$b40$c20131002$lBLL01$h1543
=CAT  \\$aWR14.047$c20140417$lBLL01$h1646
=CAT  \\$aW1611-0868$c20161114$lBLL01$h1414
=CAT  \\$aW1711-1225$c20171203$lBLL01$h1053
=FIN  \\$aY$d20130920
=STA  \\$aSUPPRESSED$bunable to determine reason for suppression
=LAS  \\$aW1711-1225$b00$c20171203$lBLL01$h1053

