=LDR  01602 am a22004333i 4500
=001  016434098
=003  Uk
=005  20130920114611.0
=006  m\\\\||\\d\|\\\\\\
=007  cr\|||||||||||
=008  130619s2013\\\\enka\\\\o\\\\\0|0\0|eng\\
=FMT  \\$a  BK
=015  \\$aGBB386123$2bnb
=040  \\$aUk$beng$cUk$erda
=042  \\$aukblsr
=082  04$a362.0425$223
=245  00$aBalancing work and care :$bA carer's guide.
=264  \1$aLeeds :$bSkills for Care,$c[2013]
=300  \\$a1 online resource (7 pages and 1 unnumbered page) :$billustrations (black and white)
=336  \\$atext$2rdacontent
=337  \\$acomputer$2rdamedia
=338  \\$aonline resource$2rdacarrier
=588  \\$aDescription based on online resource; title from PDF cover page (viewed on September 20, 2013).
=650  \0$aCaregivers$zGreat Britain$xServices for.
=650  \0$aCaregivers$xEmployment$zGreat Britain.
=650  \0$aWork and family$zGreat Britain.
=690  7\$aSocial Welfare$2blcoll
=710  2\$aSkills for Care (Organization)
=856  40$uhttp://www.skillsforcare.org.uk/nmsruntime/saveasdialog.aspx?lID=15674&sID=4270
=859  \\$aELD$bebook
=852  41$aBritish Library$bHMNTS$jELD Digital store
=CAT  \\$a12664$b40$c20130619$lBLL01$h1000
=CAT  \\$a7332$b40$c20130920$lBLL01$h1146
=CAT  \\$aWR14.047$c20140417$lBLL01$h1646
=CAT  \\$aW1611-0868$c20161114$lBLL01$h1414
=CAT  \\$aW1711-1225$c20171203$lBLL01$h1053
=FIN  \\$aY$d20130920
=STA  \\$aSUPPRESSED$bunable to determine reason for suppression
=LAS  \\$aW1711-1225$b00$c20171203$lBLL01$h1053

