=LDR  01774 am a2200457 i 4500
=001  016434686
=003  Uk
=005  20130702091412.0
=006  m\\\\||\\d\|\\\\\\
=007  cr\|||||||||||
=008  130620s2013\\\\enk\\\\\ob\\\\000\0|eng\\
=FMT  \\$a  BK
=015  \\$aGBB356726$2bnb
=040  \\$aUk$beng$cUk$erda
=042  \\$aukblsr
=082  04$a362.829509423$223
=245  00$aWorking with children with a parent in prison :$bmessages for practice from two Barnardo's pilot services.
=264  \1$aBarkingside, Ilford :$bBarnardos,$cMay 2013.
=300  \\$a1 online resource (19 pages) :$billustrations (colour)
=336  \\$atext$2rdacontent
=337  \\$acomputer$2rdamedia
=338  \\$aonline resource$2rdacarrier
=504  \\$aIncludes bibliographical references.
=588  \\$aDescription based on online resource; title from PDF cover page (viewed on July 2, 2013).
=650  \0$aChildren of prisoners$zEngland$zWest Country.
=650  \0$aChildren of prisoners$xServices for$zEngland$zWest Country.
=690  7\$aSocial Welfare$2blcoll
=710  2\$aBarnardo's (Organization),$eissuing body.
=856  40$uhttp://www.barnardos.org.uk/working-with-children-with-a-parent-in-prison.pdf
=859  \\$aELD$bebook
=852  41$aBritish Library$bHMNTS$jELD Digital store
=985  \\$aProvisional record - DSC
=CAT  \\$a12664$b40$c20130620$lBLL01$h0939
=CAT  \\$a7332$b40$c20130702$lBLL01$h0911
=CAT  \\$a7332$b40$c20130702$lBLL01$h0914
=CAT  \\$aWR14.047$c20140417$lBLL01$h1646
=CAT  \\$aW1611-0868$c20161114$lBLL01$h1414
=CAT  \\$aW1711-1225$c20171203$lBLL01$h1053
=FIN  \\$aY$d20130702
=STA  \\$aSUPPRESSED$bunable to determine reason for suppression
=LAS  \\$aW1711-1225$b00$c20171203$lBLL01$h1053

