=LDR  01766 am a2200469 i 4500
=001  016434688
=003  Uk
=005  20130702090317.0
=006  m\\\\||\\d\|\\\\\\
=007  cr\|||||||||||
=008  130620s2013\\\\enk\\\\\ob\\\\000\0|eng\\
=FMT  \\$a  BK
=015  \\$aGBB356719$2bnb
=040  \\$aUk$beng$cUk$erda
=042  \\$aukblsr
=082  04$a362.70942$223
=245  00$aStill Our Children :$bcase for reforming the leaving care system in England.
=264  \1$a[Ilford] :$bBarnardos,$cMay 2013.
=300  \\$a1 online resource (18 unnumbered pages)
=336  \\$atext$2rdacontent
=337  \\$acomputer$2rdamedia
=338  \\$aonline resource$2rdacarrier
=500  \\$a"Briefing for House of Commons Report Stage of the Children and Families Bill".
=504  \\$aIncludes bibliographical references.
=588  \\$aDescription based on online resource; title from PDF cover page (viewed on July 2, 2013).
=650  \0$aYouth$xInstitutional care$zEngland.
=650  \0$aYoung adults$xServices for$zEngland.
=650  \0$aYoung adults$xInstitutional care$zEngland.
=690  7\$aSocial Welfare$2blcoll
=710  2\$aBarnardo's (Organization),$eissuing body.
=856  40$uhttp://www.barnardos.org.uk/still_our_children.pdf
=859  \\$aELD$bebook
=852  41$aBritish Library$bHMNTS$jELD Digital store
=CAT  \\$a12664$b40$c20130620$lBLL01$h0940
=CAT  \\$a7332$b40$c20130702$lBLL01$h0848
=CAT  \\$a7332$b40$c20130702$lBLL01$h0903
=CAT  \\$aWR14.047$c20140417$lBLL01$h1646
=CAT  \\$aW1611-0868$c20161114$lBLL01$h1414
=CAT  \\$aW1711-1225$c20171203$lBLL01$h1053
=FIN  \\$aY$d20130702
=STA  \\$aSUPPRESSED$bunable to determine reason for suppression
=LAS  \\$aW1711-1225$b00$c20171203$lBLL01$h1053

