=LDR  01680 am a2200445 i 4500
=001  016434729
=003  Uk
=005  20130702082943.0
=006  m\\\\||\\d\|\\\\\\
=007  cr\|||||||||||
=008  130620s2013\\\\enk\\\\\ob\\\\000\0|eng\\
=FMT  \\$a  BK
=015  \\$aGBB356715$2bnb
=040  \\$aUk$beng$cUk$erda
=042  \\$aukblsr
=082  04$a362.76$223
=245  04$aThe criminal law and child neglect :$ban independent analysis and proposal for reform.
=264  \1$a[London] :$bAction for Children,$cFebruary 2013.
=300  \\$a1 online resource (23 pages) :$billustrations (colour)
=336  \\$atext$2rdacontent
=337  \\$acomputer$2rdamedia
=338  \\$aonline resource$2rdacarrier
=504  \\$aIncludes bibliographical references.
=588  \\$aDescription based on online resource; title from PDF cover page (viewed on July 2, 2013).
=650  \0$aChild abuse$zGreat Britain.
=650  \0$aChild abuse$xLaw and legislation$zGreat Britain.
=690  7\$aSocial Welfare$2blcoll
=710  2\$aAction for Children,$eissuing body.
=856  40$uhttp://www.actionforchildren.org.uk/media/5178586/criminal_law_and_child_neglect.pdf
=859  \\$aELD$bebook
=852  41$aBritish Library$bHMNTS$jELD Digital store
=CAT  \\$a12664$b40$c20130620$lBLL01$h1046
=CAT  \\$a7332$b40$c20130702$lBLL01$h0814
=CAT  \\$a7332$b40$c20130702$lBLL01$h0829
=CAT  \\$aWR14.047$c20140417$lBLL01$h1646
=CAT  \\$aW1611-0868$c20161114$lBLL01$h1414
=CAT  \\$aW1711-1225$c20171203$lBLL01$h1053
=FIN  \\$aY$d20130702
=STA  \\$aSUPPRESSED$bunable to determine reason for suppression
=LAS  \\$aW1711-1225$b00$c20171203$lBLL01$h1053

