=LDR  01887 am a2200481 i 4500
=001  016434734
=003  Uk
=005  20131127153134.0
=006  m\\\\||\\d\|\\\\\\
=007  cr\|||||||||||
=008  130620s2013\\\\enk\\\\\ob\\\\000\0|eng\\
=FMT  \\$a  BK
=015  \\$aGBB356409$2bnb
=040  \\$aUk$beng$cUk$erda
=042  \\$aukblsr
=082  04$a362.70941$223
=100  1\$aAnderson, Beth$c(Head of Evidence and Guidance),$eauthor.
=245  10$aEarly intervention :$bdecision-making in local authority Children‟s Services : final report: January 2013 /$cAuthor: Beth Anderson.
=264  \1$a[London] :$bAction for Children,$c30th January 2013.
=300  \\$a1 online resource (58 pages)
=336  \\$atext$2rdacontent
=337  \\$acomputer$2rdamedia
=338  \\$aonline resource$2rdacarrier
=504  \\$aIncludes bibliographical references.
=588  \\$aDescription based on online resource; title from PDF cover page (viewed on June 27, 2013).
=650  \0$aChildren$xServices for$zGreat Britain.
=650  \0$aYouth$xServices for$zGreat Britain.
=650  \0$aFamily services$zGreat Britain.
=690  7\$aSocial Welfare$2blcoll
=710  2\$aAction for Children,$eissuing body.
=710  2\$aSocial Care Institute for Excellence (Great Britain)
=856  40$uhttp://www.actionforchildren.org.uk/media/5740118/scie_-_final_report.pdf
=859  \\$aELD$bebook
=852  41$aBritish Library$bHMNTS$jELD Digital store
=CAT  \\$a12664$b40$c20130620$lBLL01$h1049
=CAT  \\$a7332$b40$c20130702$lBLL01$h0729
=CAT  \\$a7332$b40$c20131127$lBLL01$h1531
=CAT  \\$aWR14.047$c20140417$lBLL01$h1646
=CAT  \\$aW1611-0868$c20161114$lBLL01$h1414
=CAT  \\$aW1711-1225$c20171203$lBLL01$h1053
=FIN  \\$aY$d20130627
=STA  \\$aSUPPRESSED$bunable to determine reason for suppression
=LAS  \\$aW1711-1225$b00$c20171203$lBLL01$h1053

