=LDR  01869 am a2200505 i 4500
=001  016434740
=003  Uk
=005  20130906153617.0
=006  m\\\\||\\d\|\\\\\\
=007  cr\|||||||||||
=008  130620s2013\\\\enk\\\\\ob\\\\000\0|eng\\
=FMT  \\$a  BK
=015  \\$aGBB360860$2bnb
=040  \\$aUk$beng$cUk$erda
=042  \\$aukblsr
=082  04$a362.1750941$223
=245  00$aDying well at home :$bresearch evidence.
=264  \1$aLondon :$bSocial Care Institute for Excellence,$cMay 2013.
=300  \\$a1 online resource (71 pages)
=336  \\$atext$2rdacontent
=337  \\$acomputer$2rdamedia
=338  \\$aonline resource$2rdacarrier
=504  \\$aIncludes bibliographical references.
=588  \\$aTitle from PDF cover page (viewed on July 12, 2013).
=650  \0$aTerminally ill$xHome care$zGreat Britain.
=650  \0$aTerminal care$zGreat Britain.
=650  \0$aPalliative treatment$zGreat Britain.
=690  7\$aSocial Welfare$2blcoll
=710  1\$aGreat Britain.$bNational Health Service.
=710  2\$aSocial Care Institute for Excellence (Great Britain),$eissuing body.
=856  40$uhttp://www.scie.org.uk/publications/guides/guide48/files/guide48_researchevidence.pdf
=859  \\$aELD$bebook
=852  41$aBritish Library$bHMNTS$jELD Digital store
=CAT  \\$a12664$b40$c20130620$lBLL01$h1054
=CAT  \\$a7332$b40$c20130712$lBLL01$h1413
=CAT  \\$a7332$b40$c20130712$lBLL01$h1418
=CAT  \\$a7332$b40$c20130712$lBLL01$h1510
=CAT  \\$a7332$b40$c20130906$lBLL01$h1535
=CAT  \\$a7332$b40$c20130906$lBLL01$h1536
=CAT  \\$aWR14.047$c20140417$lBLL01$h1646
=CAT  \\$aW1611-0868$c20161114$lBLL01$h1414
=CAT  \\$aW1711-1225$c20171203$lBLL01$h1053
=FIN  \\$aY$d20130712
=STA  \\$aSUPPRESSED$bunable to determine reason for suppression
=LAS  \\$aW1711-1225$b00$c20171203$lBLL01$h1053

