=LDR  02123 am a22005173i 4500
=001  016434779
=003  Uk
=005  20130903134646.0
=006  m\\\\||\\d\|\\\\\\
=007  cr\|||||||||||
=008  130620s2013\\\\enka\\\\ob\\\\0|0\0|eng\\
=FMT  \\$a  BK
=015  \\$aGBB378586$2bnb
=040  \\$aUk$beng$cUk$erda
=042  \\$aukblsr
=082  04$a362.70941$223
=100  1\$aBailey, Reg,$eauthor.
=245  10$aLetting Children be Children :$bProgress Report. Report of Progress on the Recommendations of the Independent Review of the Commercialisation and Sexualisation of Childhood /$cby Reg Bailey.
=264  \1$aRuncorn :$bDepartment for Education,$c[2013]
=300  \\$a1 online resource (37 pages) :$billustrations (colour)
=336  \\$atext$2rdacontent
=337  \\$acomputer$2rdamedia
=338  \\$aonline resource$2rdacarrier
=500  \\$a"Reference: DFE-00062-2013."
=504  \\$aIncludes bibliographical references.
=588  \\$aDescription based on online resource; title from PDF cover page (viewed on September 3, 2013).
=650  \0$aAdvertising and children$zGreat Britain.
=650  \0$aChild consumers$zGreat Britain.
=650  \0$aChild welfare$zGreat Britain.
=650  \0$aChildren and sex$zGreat Britain.
=650  \0$aInternet and children$zGreat Britain.
=650  \0$aMass media and sex$zGreat Britain.
=650  \0$aTelevision advertising and children$zGreat Britain.
=690  7\$aSocial Welfare$2blcoll
=710  1\$aGreat Britain.$bDepartment for Education.
=856  40$uhttps://www.gov.uk/government/uploads/system/uploads/attachment_data/file/203333/Bailey_Review_Progress_Report.pdf
=859  \\$aELD$bebook
=852  41$aBritish Library$bHMNTS$jELD Digital store
=CAT  \\$a12664$b40$c20130620$lBLL01$h1121
=CAT  \\$a7332$b40$c20130903$lBLL01$h1346
=CAT  \\$aWR14.047$c20140417$lBLL01$h1646
=CAT  \\$aW1611-0868$c20161114$lBLL01$h1414
=CAT  \\$aW1711-1225$c20171203$lBLL01$h1053
=FIN  \\$aY$d20130903
=STA  \\$aSUPPRESSED$bunable to determine reason for suppression
=LAS  \\$aW1711-1225$b00$c20171203$lBLL01$h1053

