=LDR  02087 am a22005173i 4500
=001  016434790
=003  Uk
=005  20130918113807.0
=006  m\\\\||\\d\|\\\\\\
=007  cr\|||||||||||
=008  130620s2013\\\\enka\\\\ob\\\\0|0\0|eng\\
=FMT  \\$a  BK
=015  \\$aGBB378606$2bnb
=040  \\$aUk$beng$cUk$erda
=042  \\$aukblsr
=082  04$a370.1130941$223
=245  00$aTraineeships :$bSupporting young people to develop the skills for apprenticeships and sustainable employment.
=264  \1$a[London] :$b[Department for Education],$c[2013]
=300  \\$a1 online resource (27 pages) :$b1 illustration (colour)
=336  \\$atext$2rdacontent
=337  \\$acomputer$2rdamedia
=338  \\$aonline resource$2rdacarrier
=500  \\$a"Reference: DFE-00048-2013."
=500  \\$aFramework for Delivery.
=504  \\$aIncludes bibliographical references.
=588  \\$aDescription based on online resource; title from PDF cover page (viewed on September 3, 2013).
=650  \0$aApprenticeship programs$zGreat Britain.
=650  \0$aIndustry and education$zGreat Britain.
=650  \0$aOccupational training$zGreat Britain.
=690  7\$aSocial Welfare$2blcoll
=690  7\$aManagement and Business Studies$2blcoll
=710  1\$aGreat Britain.$bDepartment for Education.
=710  1\$aGreat Britain.$bDepartment for Business, Innovation and Skills.
=856  40$uhttps://www.gov.uk/government/uploads/system/uploads/attachment_data/file/197566/Traineeships_-_Framework_for_Delivery.pdf
=859  \\$aELD$bebook
=852  41$aBritish Library$bHMNTS$jELD Digital store
=CAT  \\$a12664$b40$c20130620$lBLL01$h1128
=CAT  \\$a7332$b40$c20130903$lBLL01$h1617
=CAT  \\$a8311$b40$c20130918$lBLL01$h1138
=CAT  \\$aWR14.047$c20140417$lBLL01$h1646
=CAT  \\$aBATCH-UPD$b00$c20141226$lBLL01$h2133
=CAT  \\$aW1611-0868$c20161114$lBLL01$h1414
=CAT  \\$aW1711-1225$c20171203$lBLL01$h1053
=FIN  \\$aY$d20130903
=STA  \\$aSUPPRESSED$bunable to determine reason for suppression
=LAS  \\$aW1711-1225$b00$c20171203$lBLL01$h1053

