=LDR  01579 am a22004333i 4500
=001  016434793
=003  Uk
=005  20130903143030.0
=006  m\\\\||\\d\|\\\\\\
=007  cr\|||||||||||
=008  130620s2013\\\\enk\\\\\o\\\\\0|0\0|eng\\
=FMT  \\$a  BK
=015  \\$aGBB378594$2bnb
=040  \\$aUk$beng$cUk$erda
=042  \\$aukblsr
=082  04$a379.1110941$223
=110  1\$aGreat Britain.$bDepartment for Education,$eauthor.
=245  10$aSchools Choice Framework.
=264  \1$aLondon :$bDepartment for Education,$c[2013]
=300  \\$a1 online resource (7 pages)
=336  \\$atext$2rdacontent
=337  \\$acomputer$2rdamedia
=338  \\$aonline resource$2rdacarrier
=500  \\$a"Reference: DFE-00051-2013."
=588  \\$aDescription based on online resource; title from PDF cover page (viewed on September 3, 2013).
=650  \0$aSchool choice$zGreat Britain.
=650  \0$aEducation and state$zGreat Britain$xHistory.
=690  7\$aSocial Welfare$2blcoll
=856  40$uhttps://www.gov.uk/government/uploads/system/uploads/attachment_data/file/203221/Schools_Choice_Framework.pdf
=859  \\$aELD$bebook
=852  41$aBritish Library$bHMNTS$jELD Digital store
=CAT  \\$a12664$b40$c20130620$lBLL01$h1132
=CAT  \\$a7332$b40$c20130903$lBLL01$h1430
=CAT  \\$aWR14.047$c20140417$lBLL01$h1646
=CAT  \\$aW1611-0868$c20161114$lBLL01$h1414
=CAT  \\$aW1711-1225$c20171203$lBLL01$h1053
=FIN  \\$aY$d20130903
=STA  \\$aSUPPRESSED$bunable to determine reason for suppression
=LAS  \\$aW1711-1225$b00$c20171203$lBLL01$h1053

