=LDR  02187 am a22005413i 4500
=001  016434798
=003  Uk
=005  20130910090440.0
=006  m\\\\||\\d\|\\\\\\
=007  cr\|||||||||||
=008  130620s2013\\\\enka\\\\o\\\\\0|0\0|eng\\
=FMT  \\$a  BK
=015  \\$aGBB378562$2bnb
=020  \\$z9781781052402
=040  \\$aUk$beng$cUk$erda
=042  \\$aukblsr
=082  04$a374.12230941$223
=100  1\$aCallanan, Meg,$eauthor.
=245  10$aEvaluation of the 16-19 Bursary Fund :$bYear 1 Report /$cMeg Callanan, Julia Griggs, Cheryl Lloyd, Sarah Kitchen & Ivonne Wollny, NatCen Social Research.
=264  \1$aLondon :$bDepartment for Education,$cMay 2013.
=300  \\$a1 online resource (94 pages, 1 unnumbered page) :$billustrations (colour).
=336  \\$atext$2rdacontent
=337  \\$acomputer$2rdamedia
=338  \\$aonline resource$2rdacarrier
=490  1\$aResearch report
=500  \\$a"Reference: DFE-RR265."
=588  \\$aDescription based on online resource; title from PDF cover page (viewed on September 3, 2013).
=650  \0$aEducation, Higher$zGreat Britain$xFinance$vPeriodicals.
=650  \0$aStudents$zGreat Britain$xEconomic conditions$vPerodicals.
=690  7\$aSocial Welfare$2blcoll
=700  1\$aGriggs, Julia$c(Social researcher),$eauthor.
=700  1\$aLloyd, Cheryl,$eauthor.
=700  1\$aKitchen, Sarah,$eauthor.
=700  1\$aWollny, Ivonne,$eauthor.
=710  1\$aGreat Britain.$bDepartment for Education,$epublisher.
=830  \0$aResearch report (Great Britain. Department for Education)
=856  40$uhttps://www.gov.uk/government/uploads/system/uploads/attachment_data/file/199996/DFE-RR265.pdf
=859  \\$aELD$bebook
=852  41$aBritish Library$bHMNTS$jELD Digital store
=CAT  \\$a12664$b40$c20130620$lBLL01$h1134
=CAT  \\$a7332$b40$c20130903$lBLL01$h1108
=CAT  \\$a7332$b40$c20130910$lBLL01$h0904
=CAT  \\$aWR14.047$c20140417$lBLL01$h1646
=CAT  \\$aW1611-0868$c20161114$lBLL01$h1414
=CAT  \\$aW1711-1225$c20171203$lBLL01$h1053
=FIN  \\$aY$d20130903
=STA  \\$aSUPPRESSED$bunable to determine reason for suppression
=LAS  \\$aW1711-1225$b00$c20171203$lBLL01$h1053

