=LDR  01766 am a22004333i 4500
=001  016434806
=003  Uk
=005  20130903104844.0
=006  m\\\\||\\d\|\\\\\\
=007  cr\|||||||||||
=008  130620s2013\\\\enk\\\\\o\\\\\0|0\0|eng\\
=FMT  \\$a  BK
=015  \\$aGBB378560$2bnb
=040  \\$aUk$beng$cUk$erda
=042  \\$aukblsr
=082  04$a374.12230941$223
=110  1\$aGreat Britain.$bDepartment for Education,$eauthor.
=245  10$aConsultation on the method used to allocate the discretionary element of the 16-19 Bursary Fund to providers.
=264  \1$aLondon :$bDepartment for Education,$c16 May 2013.
=300  \\$a1 online resource (12 unnumbered pages)
=336  \\$atext$2rdacontent
=337  \\$acomputer$2rdamedia
=338  \\$aonline resource$2rdacarrier
=588  \\$aDescription based on online resource; title from PDF cover page (viewed on September 3, 2013).
=650  \0$aEducation, Higher$zGreat Britain$xFinance$vPeriodicals.
=650  \0$aStudents$zGreat Britain$xEconomic conditions$vPerodicals.
=690  7\$aSocial Welfare$2blcoll
=856  40$uhttps://www.gov.uk/government/uploads/system/uploads/attachment_data/file/199907/16-19_Discretionary_Element_Bursary_Funding_Consultation_Document.pdf
=859  \\$aELD$bebook
=852  41$aBritish Library$bHMNTS$jELD Digital store
=CAT  \\$a12664$b40$c20130620$lBLL01$h1138
=CAT  \\$a12664$b40$c20130620$lBLL01$h1140
=CAT  \\$a7332$b40$c20130903$lBLL01$h1048
=CAT  \\$aWR14.047$c20140417$lBLL01$h1646
=CAT  \\$aW1611-0868$c20161114$lBLL01$h1414
=CAT  \\$aW1711-1225$c20171203$lBLL01$h1053
=FIN  \\$aY$d20130903
=STA  \\$aSUPPRESSED$bunable to determine reason for suppression
=LAS  \\$aW1711-1225$b00$c20171203$lBLL01$h1053

