=LDR  02229 am a22005533i 4500
=001  016434810
=003  Uk
=005  20130910110406.0
=006  m\\\\||\\d\|\\\\\\
=007  cr\|||||||||||
=008  130620s2013\\\\enk\\\\\o\\\\\0|0\0|eng\\
=FMT  \\$a  BK
=015  \\$aGBB378572$2bnb
=020  \\$z9781781052266
=040  \\$aUk$beng$cUk$erda
=042  \\$aukblsr
=082  04$a372.4650941$223
=100  1\$aWalker, Matt$q(Matthew)$c(Writer on education),$eauthor.
=245  10$aEvaluation of the Phonics Screening Check :$bTechnical Appendices /$cMatthew Walker, Shelley Bartlett, Helen Betts, Marian Sainsbury & Palak Mehta, National Foundation for Educational Research.
=264  \1$aLondon :$bDepartment for Education,$c2013.
=300  \\$a1 online resource (64 pages, 1 unnumbered page).
=336  \\$atext$2rdacontent
=337  \\$acomputer$2rdamedia
=338  \\$aonline resource$2rdacarrier
=490  1\$aResearch report
=500  \\$a"Ref: DFE- RR286B."
=588  \\$aDescription based on online resource; title from PDF cover page (viewed on September 3, 2013).
=650  \0$aReading$xPhonetic method$zGreat Britain.
=690  7\$aSocial Welfare$2blcoll
=700  1\$aBartlett, Shelley,$eauthor.
=700  1\$aBetts, Helen,$eauthor.
=700  1\$aSainsbury, Marian,$d1950-$eauthor,.
=700  1\$aMehta, Palak,$eauthor.
=710  1\$aGreat Britain.$bDepartment for Education,$epublisher.
=830  \0$aResearch report (Great Britain. Department for Education)
=856  40$uhttps://www.gov.uk/government/uploads/system/uploads/attachment_data/file/198995/DFE-RR286B.pdf
=859  \\$aELD$bebook
=852  41$aBritish Library$bHMNTS$jELD Digital store
=CAT  \\$a12664$b40$c20130620$lBLL01$h1141
=CAT  \\$a7332$b40$c20130903$lBLL01$h1138
=CAT  \\$a7332$b40$c20130903$lBLL01$h1249
=CAT  \\$a7332$b40$c20130910$lBLL01$h1104
=CAT  \\$aWR14.047$c20140417$lBLL01$h1646
=CAT  \\$aBATCH-UPD$b00$c20150531$lBLL01$h2115
=CAT  \\$aW1611-0868$c20161114$lBLL01$h1414
=CAT  \\$aW1711-1225$c20171203$lBLL01$h1053
=FIN  \\$aY$d20130903
=STA  \\$aSUPPRESSED$bunable to determine reason for suppression
=LAS  \\$aW1711-1225$b00$c20171203$lBLL01$h1053

