=LDR  01870 am a22004933i 4500
=001  016434813
=003  Uk
=005  20130910140907.0
=006  m\\\\||\\d\|\\\\\\
=007  cr\|||||||||||
=008  130620s2013\\\\enk\\\\\o\\\\\0|0\0|eng\\
=FMT  \\$a  BK
=015  \\$aGBB378603$2bnb
=020  \\$z9781781052273
=040  \\$aUk$beng$cUk$erda
=042  \\$aukblsr
=082  04$a372.4650941$223
=100  1\$aTownley, Lucy,$eauthor.
=245  10$aTopic Note :$b2012 Phonics Screening Check /$cLucy Townley & David Gotts.
=264  \1$aLondon :$bDepartment for Education,$c[May 2013]
=300  \\$a1 online resource (33 pages, 1 unnumbered page) :$billustrations (colour).
=336  \\$atext$2rdacontent
=337  \\$acomputer$2rdamedia
=338  \\$aonline resource$2rdacarrier
=490  1\$aResearch report
=500  \\$a"Ref: DFE-RR287."
=588  \\$aDescription based on online resource; title from PDF cover page (viewed on September 3, 2013).
=650  \0$aReading$xPhonetic method$zGreat Britain.
=690  7\$aSocial Welfare$2blcoll
=700  1\$aGotts, David,$eauthor.
=710  1\$aGreat Britain.$bDepartment for Education,$epublisher.
=830  \0$aResearch report (Great Britain. Department for Education)
=856  40$uhttps://www.gov.uk/government/uploads/system/uploads/attachment_data/file/200000/DFE-RR287.pdf
=859  \\$aELD$bebook
=852  41$aBritish Library$bHMNTS$jELD Digital store
=CAT  \\$a12664$b40$c20130620$lBLL01$h1142
=CAT  \\$a7332$b40$c20130903$lBLL01$h1554
=CAT  \\$a7332$b40$c20130910$lBLL01$h1409
=CAT  \\$aWR14.047$c20140417$lBLL01$h1646
=CAT  \\$aW1611-0868$c20161114$lBLL01$h1414
=CAT  \\$aW1711-1225$c20171203$lBLL01$h1053
=FIN  \\$aY$d20130903
=STA  \\$aSUPPRESSED$bunable to determine reason for suppression
=LAS  \\$aW1711-1225$b00$c20171203$lBLL01$h1053

