=LDR  02049 am a22004933i 4500
=001  016434817
=003  Uk
=005  20130903104645.0
=006  m\\\\||\\d\|\\\\\\
=007  cr\|||||||||||
=008  130620s2013\\\\enk\\\\\o\\\\\0|0\0|eng\\
=FMT  \\$a  BK
=015  \\$aGBB378556$2bnb
=040  \\$aUk$beng$cUk$erda
=042  \\$aukblsr
=082  04$a371.26$223
=110  1\$aGreat Britain.$bDepartment for Education,$eauthor.
=245  12$aA comparison of GCSE results and AS level results as a predictor of getting a 2:1 or above at university :$b(Supporting analysis : 14 May letter from David Laws to Kevin Brennan).
=264  \1$aLondon :$bDepartment for Education,$cMay 2013.
=300  \\$a1 online resource (31 pages)
=336  \\$atext$2rdacontent
=337  \\$acomputer$2rdamedia
=338  \\$aonline resource$2rdacarrier
=500  \\$a"Reference: DFE-00060-2013."
=500  \\$a"Launch date 16 May 2013, respond by 6 October 2008."
=588  \\$aDescription based on online resource; title from PDF cover page (viewed on September 3, 2013).
=650  \0$aDegrees, Academic$zGreat Britain.
=650  \0$aGeneral Certificate of Secondary Education$xEvaluation.
=650  \0$aEducational tests and measurements$zGreat Britain$xEvaluation.
=650  \0$aAcademic achievement$zGreat Britain.
=650  \0$aExaminations$xInterpretation.
=690  7\$aSocial Welfare$2blcoll
=856  40$uhttps://www.gov.uk/government/uploads/system/uploads/attachment_data/file/200903/GCSE_and_AS_level_Analysis_3_1.pdf
=859  \\$aELD$bebook
=852  41$aBritish Library$bHMNTS$jELD Digital store
=CAT  \\$a12664$b40$c20130620$lBLL01$h1144
=CAT  \\$a7332$b40$c20130903$lBLL01$h1016
=CAT  \\$a7332$b40$c20130903$lBLL01$h1046
=CAT  \\$aWR14.047$c20140417$lBLL01$h1646
=CAT  \\$aW1611-0868$c20161114$lBLL01$h1414
=CAT  \\$aW1711-1225$c20171203$lBLL01$h1053
=FIN  \\$aY$d20130903
=STA  \\$aSUPPRESSED$bunable to determine reason for suppression
=LAS  \\$aW1711-1225$b00$c20171203$lBLL01$h1053

