=LDR  01659 am a22004333i 4500
=001  016434820
=003  Uk
=005  20130910133809.0
=006  m\\\\||\\d\|\\\\\\
=007  cr\|||||||||||
=008  130620s2013\\\\enk\\\\\o\\\\\0|0\0|eng\\
=FMT  \\$a  BK
=015  \\$aGBB378583$2bnb
=040  \\$aUk$beng$cUk$erda
=042  \\$aukblsr
=082  04$a370.7110941$223
=245  00$aGolden Hello Reimbursement :$bManual for Local Authorities. Financial Year 2013-2014.
=264  \1$a[London] :$b[Department for Education],$c[2013]
=300  \\$a1 online resource (11 pages)
=336  \\$atext$2rdacontent
=337  \\$acomputer$2rdamedia
=338  \\$aonline resource$2rdacarrier
=500  \\$a"Reference: NCTL-00059-2013."
=588  \\$aDescription based on online resource; title from PDF cover page (viewed on September 3, 2013).
=650  \0$aTeachers$xTraining of$zGreat Britain.
=690  7\$aSocial Welfare$2blcoll
=710  1\$aGreat Britain.$bNational College for Teaching & Leadership.
=856  40$uhttps://www.gov.uk/government/uploads/system/uploads/attachment_data/file/204199/Golden_Hello_2013-14_-_LA_Manual.pdf
=859  \\$aELD$bebook
=852  41$aBritish Library$bHMNTS$jELD Digital store
=CAT  \\$a12664$b40$c20130620$lBLL01$h1147
=CAT  \\$a7332$b40$c20130903$lBLL01$h1315
=CAT  \\$a7332$b40$c20130910$lBLL01$h1338
=CAT  \\$aWR14.047$c20140417$lBLL01$h1646
=CAT  \\$aW1611-0868$c20161114$lBLL01$h1414
=CAT  \\$aW1711-1225$c20171203$lBLL01$h1053
=FIN  \\$aY$d20130903
=STA  \\$aSUPPRESSED$bunable to determine reason for suppression
=LAS  \\$aW1711-1225$b00$c20171203$lBLL01$h1053

