=LDR  01264 am a22003613i 4500
=001  016434874
=003  Uk
=005  20130920075755.0
=006  m\\\\||\\d\|\\\\\\
=007  cr\|||||||||||
=008  130620s2013\\\\enk\\\\\o\\\\\0|0\0|eng\\
=FMT  \\$a  BK
=082  04$a362.2$223
=245  00$aCutting NHS costs with mental health investments.
=264  \1$aLondon :$bThe Economic and Social Research Council,$c2013.
=300  \\$a1 online resource (2 unnumbered pages)
=336  \\$atext$2rdacontent
=337  \\$acomputer$2rdamedia
=338  \\$aonline resource$2rdacarrier
=490  0\$aEvidence briefing
=690  7\$aSocial Welfare$2blcoll
=856  40$uhttp://www.esrc.ac.uk/_images/ESRC_Evidence_Briefing_Mental_health_NHS_tcm8-26241.pdf
=859  \\$aELD$bebook
=852  41$aBritish Library$bHMNTS$jELD Digital store
=CAT  \\$a12664$b40$c20130620$lBLL01$h1313
=CAT  \\$a7332$b40$c20130920$lBLL01$h0755
=CAT  \\$a7332$b40$c20130920$lBLL01$h0757
=CAT  \\$aWR14.047$c20140417$lBLL01$h1646
=CAT  \\$aW1611-0868$c20161114$lBLL01$h1414
=CAT  \\$aW1711-1225$c20171203$lBLL01$h1053
=FIN  \\$aY$d20130920
=STA  \\$aSUPPRESSED$bunable to determine reason for suppression
=LAS  \\$aW1711-1225$b00$c20171203$lBLL01$h1053

