=LDR  01785 am a2200481 i 4500
=001  016434881
=003  Uk
=005  20130913101148.0
=006  m\\\\||\\d\|\\\\\\
=007  cr\|||||||||||
=008  130620s2013\\\\enk\\\\\o\\\\\0|0\0|eng\\
=FMT  \\$a  BK
=015  \\$aGBB383877$2bnb
=040  \\$aUk$beng$cUk$erda
=042  \\$aukblsr
=082  04$a331.12$223
=100  1\$aBuckingham, Heather,$eauthor.
=245  10$aInternational insights into job creation in the social economy /$cHeather Buckingham and Simon Teasdale.
=264  \1$a[Birmingham] :$bThird Sector Research Centre, TSRC,$c[2013]
=300  \\$a1 online resource (4 unnumbered pages).
=336  \\$atext$2rdacontent
=337  \\$acomputer$2rdamedia
=338  \\$aonline resource$2rdacarrier
=490  1\$aBriefing paper ;$v97
=588  \\$aDescription based on online resource; title from PDF title page (viewed on September 13, 2013).
=650  \0$aNonprofit organizations.
=650  \0$aVoluntarism.
=650  \0$aJob creation.
=690  7\$aSocial Welfare$2blcoll
=700  1\$aTeasdale, Simon,$eauthor.
=710  2\$aThird Sector Research Centre,$eissuing body.
=830  \0$aBriefing paper (Third Sector Research Centre) ;$v97.
=856  40$uhttp://www.tsrc.ac.uk/LinkClick.aspx?fileticket=EIRnD0V%2bc%2bc%3d&tabid=500
=859  \\$aELD$bebook
=852  41$aBritish Library$bHMNTS$jELD Digital store
=CAT  \\$a12664$b40$c20130620$lBLL01$h1321
=CAT  \\$a7332$b40$c20130913$lBLL01$h1011
=CAT  \\$aWR14.047$c20140417$lBLL01$h1646
=CAT  \\$aW1611-0868$c20161114$lBLL01$h1414
=CAT  \\$aW1711-1225$c20171203$lBLL01$h1053
=FIN  \\$aY$d20130913
=STA  \\$aSUPPRESSED$bunable to determine reason for suppression
=LAS  \\$aW1711-1225$b00$c20171203$lBLL01$h1053

