=LDR  01779 am a2200469 i 4500
=001  016434922
=003  Uk
=005  20130913122226.0
=006  m\\\\||\\d\|\\\\\\
=007  cr\|||||||||||
=008  130620s2013\\\\enk\\\\\o\\\\\0|0\0|eng\\
=FMT  \\$a  BK
=015  \\$aGBB383902$2bnb
=040  \\$aUk$beng$cUk$erda
=042  \\$aukblsr
=082  04$a362.50941$223
=100  1\$aAnderson, Rosie,$eauthor.
=245  10$aDoing emotion, doing policy; the emotional role of 'grassroots' community activists in poverty policy-making.
=264  \1$aBirmingham :$bThird Sector Research Centre,$cMay 2013.
=300  \\$a1 online resource (4 unnumbered pages).
=336  \\$atext$2rdacontent
=337  \\$acomputer$2rdamedia
=338  \\$aonline resource$2rdacarrier
=490  1\$aBriefing Paper ;$v96
=588  \\$aDescription based on online resource; title from PDF caption (viewed on September 13, 2013).
=650  \0$aPoverty$zGreat Britain.
=650  \0$aNonprofit organizations$zGreat Britain.
=650  \0$aVoluntarism$zGreat Britain.
=690  7\$aSocial Welfare$2blcoll
=710  2\$aThird Sector Research Centre,$eissuing body.
=830  \0$aBriefing paper (Third Sector Research Centre) ;$v96.
=856  40$uhttp://www.tsrc.ac.uk/LinkClick.aspx?fileticket=fxF9rKSGuZU%3d&tabid=500
=859  \\$aELD$bebook
=852  41$aBritish Library$bHMNTS$jELD Digital store
=CAT  \\$a12664$b40$c20130620$lBLL01$h1322
=CAT  \\$a7332$b40$c20130913$lBLL01$h1222
=CAT  \\$aWR14.047$c20140417$lBLL01$h1646
=CAT  \\$aW1611-0868$c20161114$lBLL01$h1414
=CAT  \\$aW1711-1225$c20171203$lBLL01$h1053
=FIN  \\$aY$d20130913
=STA  \\$aSUPPRESSED$bunable to determine reason for suppression
=LAS  \\$aW1711-1225$b00$c20171203$lBLL01$h1053

