=LDR  01841 am a2200469 i 4500
=001  016434925
=003  Uk
=005  20130913081131.0
=006  m\\\\||\\d\|\\\\\\
=007  cr\|||||||||||
=008  130620s2013\\\\enka\\\\ob\\\\0|0\0|eng\\
=FMT  \\$a  BK
=015  \\$aGBB383860$2bnb
=040  \\$aUk$beng$cUk$erda
=042  \\$aukblsr
=082  04$a338.47370941$223
=245  04$aThe third sector as a public service provider :$bseminar one.
=264  \1$aBirmingham :$bThird Sector Research Centre,$c[2013?]
=300  \\$a1 online resource (35 pages and 1 unnumbered page) :$billustrations (colour).
=336  \\$atext$2rdacontent
=337  \\$acomputer$2rdamedia
=338  \\$aonline resource$2rdacarrier
=490  0\$aESRC TSRC co-centre seminar series 2012-13
=504  \\$aIncludes bibliographical references.
=588  \\$aDescription based on online resource; title from PDF title page (viewed on September 13, 2013).
=650  \0$aVoluntarism$zGreat Britain.
=650  \0$aMunicipal services$zGreat Britain.
=650  \0$aPublic-private sector cooperation$zGreat Britain.
=690  7\$aSocial Welfare$2blcoll
=710  2\$aThird Sector Research Centre,$eissuing body.
=710  2\$aEconomic and Social Research Council (Great Britain),$eissuing body.
=856  40$uhttp://www.tsrc.ac.uk/LinkClick.aspx?fileticket=AmpQR%2fZIrf0%3d&tabid=500
=859  \\$aELD$bebook
=852  41$aBritish Library$bHMNTS$jELD Digital store
=CAT  \\$a12664$b40$c20130620$lBLL01$h1326
=CAT  \\$a7332$b40$c20130913$lBLL01$h0811
=CAT  \\$aWR14.047$c20140417$lBLL01$h1646
=CAT  \\$aW1611-0868$c20161114$lBLL01$h1414
=CAT  \\$aW1711-1225$c20171203$lBLL01$h1053
=FIN  \\$aY$d20130913
=STA  \\$aSUPPRESSED$bunable to determine reason for suppression
=LAS  \\$aW1711-1225$b00$c20171203$lBLL01$h1053

