=LDR  01567 am a2200421 i 4500
=001  016438375
=003  Uk
=005  20130703115303.0
=006  m\\\\||\\d\|\\\\\\
=007  cr\|||||||||||
=008  130628s2013\\\\stka\\\\o\\\\|0|0\0|eng\\
=FMT  \\$a  BK
=015  \\$aGBB358284$2bnb
=020  \\$a9781782565291 (web only)
=040  \\$aUk$beng$cUk$erda
=042  \\$aukblsr
=082  04$a627.4409411$223
=110  1\$aScotland.$bScottish Government,$eauthor.
=245  10$aReservoirs (Scotland) Act 2011 :$bconsultation document - commencement and regulations.
=264  \1$aEdinburgh :$bScottish Government,$cApril 2013.
=300  \\$a1 online resource (31 pages) :$billustrations (colour)
=336  \\$atext$2rdacontent
=337  \\$acomputer$2rdamedia
=338  \\$aonline resource$2rdacarrier
=588  \\$aDescription based on online resource; title from PDF cover page (viewed on July 3, 2013).
=650  \0$aReservoirs$xLaw and legislation$zScotland.
=650  \0$aReservoirs$xSafety regulations$zScotland.
=856  40$uhttp://www.scotland.gov.uk/Resource/0042/00420960.pdf
=859  \\$aELD$bebook
=852  41$aBritish Library$bHMNTS$jELD Digital store
=CAT  \\$a10983$b40$c20130628$lBLL01$h0913
=CAT  \\$a8141$b40$c20130703$lBLL01$h1153
=CAT  \\$aWR14.047$c20140417$lBLL01$h1646
=CAT  \\$aW1611-0868$c20161114$lBLL01$h1414
=CAT  \\$aW1711-1225$c20171203$lBLL01$h1053
=FIN  \\$aY$d20130703
=STA  \\$aSUPPRESSED$bunable to determine reason for suppression
=LAS  \\$aW1711-1225$b00$c20171203$lBLL01$h1053

