=LDR  02045 am a2200517 i 4500
=001  016438390
=003  Uk
=005  20130716114051.0
=006  m\\\\||\\d\|\\\\\\
=007  cr\|||||||||||
=008  130628s2013\\\\stka\\\\o\\\\|0|0\0|eng\\
=FMT  \\$a  BK
=015  \\$aGBB361129$2bnb
=020  \\$a9781782565307 (web only publication)
=040  \\$aUk$beng$cUk$erda
=042  \\$aukblsr
=082  04$a353.5909411$223
=100  10$aWatt, Glenys,$eauthor.
=245  10$aDeath certification test site evaluation :$bBlake Stevenson's final report /$cGlenys Watt, Director, Ian Christie, Consultant, Blake Stevenson Ltd.
=264  \1$aEdinburgh :$bScottish Government Social Research,$c2013.
=300  \\$a1 online resource (40 pages) :$billustrations (colour).
=336  \\$atext$2rdacontent
=337  \\$acomputer$2rdamedia
=338  \\$aonline resource$2rdacarrier
=490  1\$aSocial Research series,$x2045-6964
=500  \\$a"Health and community care"--Cover.
=588  \\$aDescription based on online resource; title from PDF title page (viewed on July 16, 2013)
=650  \0$aDeath$xProof and certification$zScotland$xEvaluation.
=650  \0$aDeath certificates$zScotland.
=700  1\$aChristie, Ian,$d1982-$eauthor.
=710  1\$aScotland.$bSocial Research,$eissuing body.
=710  2\$aBlake Stevenson Ltd.
=830  \0$aSocial Research series (Scotland. Social Research)
=856  40$uhttp://www.scotland.gov.uk/Resource/0042/00420840.pdf
=859  \\$aELD$bebook
=852  41$aBritish Library$bHMNTS$jELD Digital store
=CAT  \\$a10983$b40$c20130628$lBLL01$h0920
=CAT  \\$a8141$b40$c20130716$lBLL01$h0909
=CAT  \\$a8141$b40$c20130716$lBLL01$h1140
=CAT  \\$aWR14.047$c20140417$lBLL01$h1646
=CAT  \\$aW1611-0868$c20161114$lBLL01$h1414
=CAT  \\$aBATCH-UPD$b00$c20161114$lBLL01$h1416
=CAT  \\$aW1711-1225$c20171203$lBLL01$h1053
=FIN  \\$aY$d20130716
=STA  \\$aSUPPRESSED$bunable to determine reason for suppression
=LAS  \\$aW1711-1225$b00$c20171203$lBLL01$h1053

