=LDR  01936 am a2200493 i 4500
=001  016438433
=003  Uk
=005  20130703141935.0
=006  m\\\\||\\d\|\\\\\\
=007  cr\|||||||||||
=008  130628s2013\\\\stka\\\\ob\\\|0|0\0|eng\\
=FMT  \\$a  BK
=015  \\$aGBB358307$2bnb
=020  \\$a9781782565154 (web only publication)
=040  \\$aUk$beng$cUk$erda
=042  \\$aukblsr
=082  04$a306.609411021$223
=245  00$aScottish Government equality outcomes.$pReligion and belief evidence review /$cCommunities Analytical Services, Scottish Government.
=264  \1$a[Edinburgh] :$bScottish Goivernment Social Research,$c2013.
=300  \\$a1 online resource (45 pages) :$billustrations (colour).
=336  \\$atext$2rdacontent
=337  \\$acomputer$2rdamedia
=338  \\$aonline resource$2rdacarrier
=490  1\$aSocial Research series,$x2045-6964
=504  \\$aIncludes bibliographical references.
=588  \\$aDescription based on online resource; title from PDF title page (viewed on July 3, 2013).
=650  \0$aEquality$zScotland.
=651  \0$aScotland$xReligion$vStatistics.
=651  \0$aScotland$xReligion$xStatistics.
=710  1\$aScotland.$bCommunities Analytical Services.
=710  1\$aScotland.$bSocial Research,$eissuing body.
=830  \0$aSocial Research series (Scotland. Social Research)
=856  40$uhttp://www.scotland.gov.uk/Resource/0042/00420970.pdf
=859  \\$aELD$bebook
=852  41$aBritish Library$bHMNTS$jELD Digital store
=CAT  \\$a10983$b40$c20130628$lBLL01$h0956
=CAT  \\$a8141$b40$c20130703$lBLL01$h1356
=CAT  \\$a8141$b40$c20130703$lBLL01$h1419
=CAT  \\$aWR14.047$c20140417$lBLL01$h1646
=CAT  \\$aW1611-0868$c20161114$lBLL01$h1414
=CAT  \\$aW1711-1225$c20171203$lBLL01$h1053
=FIN  \\$aY$d20130703
=STA  \\$aSUPPRESSED$bunable to determine reason for suppression
=LAS  \\$aW1711-1225$b00$c20171203$lBLL01$h1053

