=LDR  01898 am a2200481 i 4500
=001  016438442
=003  Uk
=005  20130704113256.0
=006  m\\\\||\\d\|\\\\\\
=007  cr\|||||||||||
=008  130628s2013\\\\stk\\\\\ob\\\|0|0\0|eng\\
=FMT  \\$a  BK
=015  \\$aGBB358335$2bnb
=020  \\$a9781782565161 (web only publication)
=040  \\$aUk$beng$cUk$erda
=042  \\$aukblsr
=082  04$a306.7609411021$223
=245  00$aScottish Government equality outcomes.$pLesbian, gay, bisexual and transgender (LGBT) evidence review /$cCommunities Analytical Services, Scottish Government.
=264  \1$a[Edinburgh] :$bScottish Goivernment Social Research,$c2013.
=300  \\$a1 online resource (59 pages).
=336  \\$atext$2rdacontent
=337  \\$acomputer$2rdamedia
=338  \\$aonline resource$2rdacarrier
=490  1\$aSocial Research series,$x2045-6964
=504  \\$aIncludes bibliographical references.
=588  \\$aDescription based on online resource; title from PDF title page (viewed on July 4, 2013).
=650  \0$aSexual minorities$zScotland$xStatistics.
=650  \0$aEquality$zScotland.
=710  1\$aScotland.$bCommunities Analytical Services.
=710  1\$aScotland.$bSocial Research,$eissuing body.
=830  \0$aSocial Research series (Scotland. Social Research)
=856  40$uhttp://www.scotland.gov.uk/Resource/0042/00420922.pdf
=859  \\$aELD$bebook
=852  41$aBritish Library$bHMNTS$jELD Digital store
=CAT  \\$a10983$b40$c20130628$lBLL01$h1001
=CAT  \\$a8141$b40$c20130704$lBLL01$h0952
=CAT  \\$a8141$b40$c20130704$lBLL01$h1132
=CAT  \\$aWR14.047$c20140417$lBLL01$h1646
=CAT  \\$aW1611-0868$c20161114$lBLL01$h1414
=CAT  \\$aW1711-1225$c20171203$lBLL01$h1053
=FIN  \\$aY$d20130704
=STA  \\$aSUPPRESSED$bunable to determine reason for suppression
=LAS  \\$aW1711-1225$b00$c20171203$lBLL01$h1053

