=LDR  02585 am a2200601 i 4500
=001  016438451
=003  Uk
=005  20130717112324.0
=006  m\\\\||\\d\|\\\\\\
=007  cr\|||||||||||
=008  130628s2013\\\\stka\\\\ob\\\|0|0\0|eng\\
=FMT  \\$a  BK
=015  \\$aGBB358328$2bnb
=020  \\$a9781782565376 (web only publication)
=040  \\$aUk$beng$cUk$erda
=042  \\$aukblsr
=082  04$a305.209411021$223
=100  1\$aSosenko, Filip,$eauthor.
=245  10$aScottish Government equality outcomes.$pAge evidence review /$cInstitute for Housing, Urban and Real Estate Research (IHURER), Heriot-Watt University, Edinburgh: Dr Filip Sosenko, Dr Gina Netto, Prof. Suzanne Fitzpatrick, Prof. Glen Bramley, Prof. Mark Stephens; Communities Analytical Services, Scottish Government.
=264  \1$a[Edinburgh] :$bScottish Goivernment Social Research,$c2013.
=300  \\$a1 online resource (72 pages) :$billustrations (colour).
=336  \\$atext$2rdacontent
=337  \\$acomputer$2rdamedia
=338  \\$aonline resource$2rdacarrier
=490  1\$aSocial Research series,$x2045-6964
=504  \\$aIncludes bibliographical references.
=588  \\$aDescription based on online resource; title from PDF title page (viewed on July 4, 2013).
=650  \0$aAge groups$zScotland$vStatistics.
=650  \0$aAge groups$zScotland$xStatistics.
=650  \0$aEquality$zScotland.
=700  1\$aNetto, Gina,$eauthor.
=700  1\$aFitzpatrick, Suzanne,$d1969-$eauthor.
=700  1\$aBramley, Glen,$eauthor.
=700  1\$aStephens, Mark,$d1963-$eauthor.
=710  1\$aScotland.$bCommunities Analytical Services.
=710  1\$aScotland.$bSocial Research,$eissuing body.
=710  2\$aHeriot-Watt University.$bInstitute for Housing, Urban and Real Estate Research.
=830  \0$aSocial Research series (Scotland. Social Research)
=856  40$uhttp://www.scotland.gov.uk/Resource/0042/00420898.pdf
=859  \\$aELD$bebook
=852  41$aBritish Library$bHMNTS$jELD Digital store
=CAT  \\$a10983$b40$c20130628$lBLL01$h1011
=CAT  \\$a8141$b40$c20130704$lBLL01$h0842
=CAT  \\$a8141$b40$c20130704$lBLL01$h0844
=CAT  \\$a8141$b40$c20130704$lBLL01$h0906
=CAT  \\$a8141$b40$c20130704$lBLL01$h0958
=CAT  \\$a7332$b40$c20130717$lBLL01$h1123
=CAT  \\$aWR14.047$c20140417$lBLL01$h1646
=CAT  \\$aW1611-0868$c20161114$lBLL01$h1414
=CAT  \\$aW1711-1225$c20171203$lBLL01$h1053
=FIN  \\$aY$d20130704
=STA  \\$aSUPPRESSED$bunable to determine reason for suppression
=LAS  \\$aW1711-1225$b00$c20171203$lBLL01$h1053

