=LDR  01856 am a2200469 i 4500
=001  016438453
=003  Uk
=005  20130710115414.0
=006  m\\\\||\\d\|\\\\\\
=007  cr\|||||||||||
=008  130628s2013\\\\stkab\\\ob\\\|0|0\0|eng\\
=FMT  \\$a  BK
=015  \\$aGBB360383$2bnb
=020  \\$a9781782565529 (web only)
=040  \\$aUk$beng$cUk$erda
=042  \\$aukblsr
=082  04$a307.1209411$223
=110  1\$aScotland.$bScottish Government,$eauthor.
=245  10$aNational Planning Framework 3.$pScottish planning policy :$bstrategic environmental assessment environmental report.
=246  13$aScottish planning policy : strategic environmental assessment environmental report
=264  \1$aEdinburgh :$bScottish Government,$cMay 2013.
=300  \\$a1 online resource (279 pages) :$b1 illustration (colour), maps (colour)
=336  \\$atext$2rdacontent
=337  \\$acomputer$2rdamedia
=338  \\$aonline resource$2rdacarrier
=500  \\$a"April 2013."--Cover.
=504  \\$aIncludes bibliographical references.
=588  \\$aDescription based on online resource; title from PDF cover page (viewed on July 10, 2013).
=650  \0$aPlanning$xGovernment policy$zScotland.
=650  \0$aPlanning$xEnvironmental aspects$zScotland.
=650  \0$aEnvironmental impact analysis$zScotland.
=856  40$uhttp://www.scotland.gov.uk/Resource/0042/00421079.pdf
=859  \\$aELD$bebook
=852  41$aBritish Library$bHMNTS$jELD Digital store
=CAT  \\$a10983$b40$c20130628$lBLL01$h1015
=CAT  \\$a8141$b40$c20130710$lBLL01$h1154
=CAT  \\$aWR14.047$c20140417$lBLL01$h1646
=CAT  \\$aW1611-0868$c20161114$lBLL01$h1414
=CAT  \\$aW1711-1225$c20171203$lBLL01$h1053
=FIN  \\$aY$d20130710
=STA  \\$aSUPPRESSED$bunable to determine reason for suppression
=LAS  \\$aW1711-1225$b00$c20171203$lBLL01$h1053

