=LDR  01609 am a2200433 i 4500
=001  016438455
=003  Uk
=005  20130704143732.0
=006  m\\\\||\\d\|\\\\\\
=007  cr\|||||||||||
=008  130628s2013\\\\stkb\\\\o\\\\|0|0\0|eng\\
=FMT  \\$a  BK
=015  \\$aGBB358373$2bnb
=020  \\$z9781782565413
=040  \\$aUk$beng$cUk$erda
=042  \\$aukblsr
=082  04$a338.9411$223
=110  1\$aScotland.$bScottish Government,$eauthor.
=245  10$aAmbition, opportunity, place :$bScotland's third National Planning Framework: main issues report and draft framework.
=264  \1$aEdinburgh :$bScottish Government,$cApril 2013.
=300  \\$a1 online resource (vi, 74, 4 unnumbered pages) :$bmaps (colour)
=336  \\$atext$2rdacontent
=337  \\$acomputer$2rdamedia
=338  \\$aonline resource$2rdacarrier
=530  \\$aAlso issued in print format.
=588  \\$aDescription based on online resource; title from PDF cover page (viewed on July 4, 2013).
=650  \0$aCentral planning$zScotland.
=651  \0$aScotland$xEconomic policy.
=856  40$uhttp://www.scotland.gov.uk/Resource/0042/00421073.pdf
=859  \\$aELD$bebook
=852  41$aBritish Library$bHMNTS$jELD Digital store
=CAT  \\$a10983$b40$c20130628$lBLL01$h1019
=CAT  \\$a8141$b40$c20130704$lBLL01$h1437
=CAT  \\$aWR14.047$c20140417$lBLL01$h1646
=CAT  \\$aW1611-0868$c20161114$lBLL01$h1414
=CAT  \\$aW1711-1225$c20171203$lBLL01$h1053
=FIN  \\$aY$d20130704
=STA  \\$aSUPPRESSED$bunable to determine reason for suppression
=LAS  \\$aW1711-1225$b00$c20171203$lBLL01$h1053

