=LDR  01522 am a2200421 i 4500
=001  016438456
=003  Uk
=005  20130703144559.0
=006  m\\\\||\\d\|\\\\\\
=007  cr\|||||||||||
=008  130628s2013\\\\stka\\\\ob\\\|0|0\0|eng\\
=FMT  \\$a  BK
=015  \\$aGBB358313$2bnb
=020  \\$a9781782565406 (web only)
=040  \\$aUk$beng$cUk$erda
=042  \\$aukblsr
=082  04$a307.1209411$223
=110  1\$aScotland.$bScottish Government,$eauthor.
=245  10$aScottish planning policy :$bconsultation draft.
=264  \1$aEdinburgh :$bScottish Government,$cApril 2013.
=300  \\$a1 online resource (ii, 66 pages) :$billustrations (colour)
=336  \\$atext$2rdacontent
=337  \\$acomputer$2rdamedia
=338  \\$aonline resource$2rdacarrier
=504  \\$aIncludes bibliographical references.
=588  \\$aDescription based on online resource; title from PDF cover page (viewed on July 3, 2013).
=650  \0$aPlanning$xGovernment policy$zScotland.
=856  40$uhttp://www.scotland.gov.uk/Resource/0042/00421076.pdf
=859  \\$aELD$bebook
=852  41$aBritish Library$bHMNTS$jELD Digital store
=CAT  \\$a10983$b40$c20130628$lBLL01$h1022
=CAT  \\$a8141$b40$c20130703$lBLL01$h1445
=CAT  \\$aWR14.047$c20140417$lBLL01$h1646
=CAT  \\$aW1611-0868$c20161114$lBLL01$h1414
=CAT  \\$aW1711-1225$c20171203$lBLL01$h1053
=FIN  \\$aY$d20130703
=STA  \\$aSUPPRESSED$bunable to determine reason for suppression
=LAS  \\$aW1711-1225$b00$c20171203$lBLL01$h1053

