=LDR  01894 am a2200505 i 4500
=001  016438461
=003  Uk
=005  20130705100641.0
=006  m\\\\||\\d\|\\\\\\
=007  cr\|||||||||||
=008  130628s2013\\\\stka\\\\ob\\\|0|0\0|eng\\
=FMT  \\$a  BK
=015  \\$aGBB358416$2bnb
=020  \\$a9781782564348 (ePub)
=020  \\$z9781782564331 (web only)
=020  \\$z9781782564355 (Mobi)
=040  \\$aUk$beng$cUk$erda
=042  \\$aukblsr
=082  04$a363.34709411$223
=245  00$aBuilding community resilience :$bScottish guidance on community resilience.
=264  \1$aEdinburgh :$bScottish Government,$cMarch 2013.
=300  \\$a1 online resource (27 pages) :$b1 illustration (black and white)
=336  \\$atext$2rdacontent
=337  \\$acomputer$2rdamedia
=338  \\$aonline resource$2rdacarrier
=500  \\$a"Principles - approach - good practice."
=500  \\$a"January 2013."
=500  \\$a"Safer Scotland Scottish Government."--Cover.
=504  \\$aIncludes bibliographical references.
=588  \\$aDescription based on online resource; title from PDF cover page (viewed on July 5, 2013).
=650  \0$aEmergency management$zScotland.
=650  \0$aEmergency management$zScotland$xCitizen participation.
=710  1\$aScotland.$bScottish Government,$eissuing body.
=710  2\$aSafer Scotland (Campaign)
=856  40$uhttp://www.scotland.gov.uk/Resource/0042/00421210.pdf
=859  \\$aELD$bebook
=852  41$aBritish Library$bHMNTS$jELD Digital store
=CAT  \\$a10983$b40$c20130628$lBLL01$h1034
=CAT  \\$a8141$b40$c20130705$lBLL01$h1006
=CAT  \\$aWR14.047$c20140417$lBLL01$h1646
=CAT  \\$aW1611-0868$c20161114$lBLL01$h1414
=CAT  \\$aW1711-1225$c20171203$lBLL01$h1053
=FIN  \\$aY$d20130705
=STA  \\$aSUPPRESSED$bunable to determine reason for suppression
=LAS  \\$aW1711-1225$b00$c20171203$lBLL01$h1053

