=LDR  01678 am a2200457 i 4500
=001  016438464
=003  Uk
=005  20130705095339.0
=006  m\\\\||\\d\|\\\\\\
=007  cr\|||||||||||
=008  130628s2013\\\\stka\\\\ob\\\|0|0\0|eng\\
=FMT  \\$a  BK
=015  \\$aGBB358402$2bnb
=020  \\$a9781782565505 (ePub)
=020  \\$z9781782565499 (web only)
=020  \\$z9781782565512 (Mobi)
=040  \\$aUk$beng$cUk$erda
=042  \\$aukblsr
=082  04$a323.4209411$223
=110  1\$aScotland.$bScottish Government,$eauthor.
=245  10$aScottish Government equality outcomes and mainstreaming report.
=264  \1$aEdinburgh :$bScottish Government,$cApril 2013.
=300  \\$a1 online resource (228 pages) :$billustrations (black and white, and colour)
=336  \\$atext$2rdacontent
=337  \\$acomputer$2rdamedia
=338  \\$aonline resource$2rdacarrier
=504  \\$aIncludes bibliographical references.
=588  \\$aDescription based on online resource; title from PDF cover page (viewed on July 5, 2013).
=650  \0$aEquality$xGovernment policy$zScotland.
=856  40$uhttp://www.scotland.gov.uk/Resource/0042/00421238.pdf
=859  \\$aELD$bebook
=852  41$aBritish Library$bHMNTS$jELD Digital store
=CAT  \\$a10983$b40$c20130628$lBLL01$h1037
=CAT  \\$a8141$b40$c20130705$lBLL01$h0840
=CAT  \\$a8141$b40$c20130705$lBLL01$h0953
=CAT  \\$aWR14.047$c20140417$lBLL01$h1646
=CAT  \\$aW1611-0868$c20161114$lBLL01$h1414
=CAT  \\$aW1711-1225$c20171203$lBLL01$h1053
=FIN  \\$aY$d20130705
=STA  \\$aSUPPRESSED$bunable to determine reason for suppression
=LAS  \\$aW1711-1225$b00$c20171203$lBLL01$h1053

