=LDR  01618 am a2200433 i 4500
=001  016438468
=003  Uk
=005  20130710122131.0
=006  m\\\\||\\d\|\\\\\\
=007  cr\|||||||||||
=008  130628s2013\\\\stk\\\\\ob\\\|0|0\0|eng\\
=FMT  \\$a  BK
=015  \\$aGBB360385$2bnb
=020  \\$a9781782565437 (web only)
=040  \\$aUk$beng$cUk$erda
=042  \\$aukblsr
=082  04$a307.141209411$223
=110  1\$aScotland.$bScottish Government,$eauthor.
=245  10$aConsultation on Scotland Rural Development Programme (SRDP) 2014-2020 :$bstage 1 : initial proposals.
=264  \1$aEdinburgh :$bScottish Government,$cMay 2013.
=300  \\$a1 online resource (75, 15 unnumbered pages)
=336  \\$atext$2rdacontent
=337  \\$acomputer$2rdamedia
=338  \\$aonline resource$2rdacarrier
=504  \\$aIncludes bibliographical references.
=588  \\$aDescription based on online resource; title from PDF cover page (viewed on July 10, 2013).
=650  \0$aRural development$zScotland.
=650  \0$aRural development$xGovernment policy$zScotland.
=856  40$uhttp://www.scotland.gov.uk/Resource/0042/00421248.pdf
=859  \\$aELD$bebook
=852  41$aBritish Library$bHMNTS$jELD Digital store
=CAT  \\$a10983$b40$c20130628$lBLL01$h1040
=CAT  \\$a8141$b40$c20130710$lBLL01$h1221
=CAT  \\$aWR14.047$c20140417$lBLL01$h1646
=CAT  \\$aW1611-0868$c20161114$lBLL01$h1414
=CAT  \\$aW1711-1225$c20171203$lBLL01$h1053
=FIN  \\$aY$d20130710
=STA  \\$aSUPPRESSED$bunable to determine reason for suppression
=LAS  \\$aW1711-1225$b00$c20171203$lBLL01$h1053

