=LDR  01769 am a2200469 i 4500
=001  016438473
=003  Uk
=005  20130705112512.0
=006  m\\\\||\\d\|\\\\\\
=007  cr\|||||||||||
=008  130628s2013\\\\stka\\\\ob\\\|0|0\0|eng\\
=FMT  \\$a  BK
=015  \\$aGBB358425$2bnb
=020  \\$a9781782565468 (web only)
=040  \\$aUk$beng$cUk$erda
=042  \\$aukblsr
=082  04$a362.766509411$223
=110  2\$aFostering Network,$eauthor.
=245  10$aManaging allegations against foster carers and approved kinship carers :$bhow agencies should respond.
=264  \1$aEdinburgh :$bScottish Government,$cMay 2013.
=300  \\$a1 online resource (42 pages) :$b1 illustration (black and white)
=336  \\$atext$2rdacontent
=337  \\$acomputer$2rdamedia
=338  \\$aonline resource$2rdacarrier
=504  \\$aIncludes bibliographical references.
=588  \\$aDescription based on online resource; title from PDF cover page (viewed on July 5, 2013).
=650  \0$aChild abuse$xInvestigation$zScotland.
=650  \0$aFoster home care$zScotland.
=650  \0$aKinship care$zScotland.
=650  \0$aFoster children$xAbuse of$zScotland.
=710  1\$aScotland.$bScottish Government,$eissuing body.
=856  40$uhttp://www.scotland.gov.uk/Resource/0042/00421215.pdf
=859  \\$aELD$bebook
=852  41$aBritish Library$bHMNTS$jELD Digital store
=CAT  \\$a10983$b40$c20130628$lBLL01$h1044
=CAT  \\$a8141$b40$c20130705$lBLL01$h1125
=CAT  \\$aWR14.047$c20140417$lBLL01$h1646
=CAT  \\$aW1611-0868$c20161114$lBLL01$h1414
=CAT  \\$aW1711-1225$c20171203$lBLL01$h1053
=FIN  \\$aY$d20130705
=STA  \\$aSUPPRESSED$bunable to determine reason for suppression
=LAS  \\$aW1711-1225$b00$c20171203$lBLL01$h1053

