=LDR  02469 am a2200541 i 4500
=001  016438476
=003  Uk
=005  20130716160126.0
=006  m\\\\||\\d\|\\\\\\
=007  cr\|||||||||||
=008  130628s2013\\\\stka\\\\ob\\\|0|0\0|eng\\
=FMT  \\$a  BK
=015  \\$aGBB361177$2bnb
=020  \\$a9781782565604 (web only)
=040  \\$aUk$beng$cUk$erda
=042  \\$aukblsr
=082  04$a362.178209411$223
=245  00$aNew medicines reviews 2013.
=264  \1$aEdinburgh :$bScottish Government,$cMay 2013.
=300  \\$a1 online resource (89 pages) :$billustrations (colour)
=336  \\$atext$2rdacontent
=337  \\$acomputer$2rdamedia
=338  \\$aonline resource$2rdacarrier
=505  0\$aThe availability of new medicines for patients in Scotland: the role of the Scottish Medicines Consortium (SMC) / Professor Routledge -- The role and remit of NHS Board Area Drug and Therapeutic Committees and Individual Patient Treatment Request arrangements / Professor Charles Swainson.
=504  \\$aIncludes bibliographical references.
=588  \\$aDescription based on online resource; title from PDF title page (viewed on July 16, 2013).
=610  20$aScottish Medicines Consortium.
=650  \0$aDrug accessibility$xGovernment policy$zScotland.
=650  \0$aPatients$xMedical care$zScotland.
=650  \0$aMedicines, Specific.
=650  \0$aPharmaceutical policy$zScotland.
=700  1\$aRoutledge, Philip.$tAvailability of new medicines for patients in Scotland: the role of the Scottish Medicine Consortium (SMC)
=700  1\$aSwainson, Charles$c(Physician).$tRole and remit of NHS Board Area Drug and Therapeutic Committees and Individual Patient Treatment Request arrangements.
=710  1\$aScotland.$bScottish Government,$eissuing body.
=856  40$uhttp://www.scotland.gov.uk/Resource/0042/00421354.pdf
=859  \\$aELD$bebook
=852  41$aBritish Library$bHMNTS$jELD Digital store
=CAT  \\$a10983$b40$c20130628$lBLL01$h1047
=CAT  \\$a8141$b40$c20130716$lBLL01$h1259
=CAT  \\$a7332$b40$c20130716$lBLL01$h1601
=CAT  \\$aWR14.047$c20140417$lBLL01$h1646
=CAT  \\$aW1611-0868$c20161114$lBLL01$h1414
=CAT  \\$aBATCH-UPD$b00$c20161114$lBLL01$h1416
=CAT  \\$aW1711-1225$c20171203$lBLL01$h1053
=CAT  \\$aBATCH-UPD$b00$c20171203$lBLL01$h1553
=FIN  \\$aY$d20130716
=STA  \\$aSUPPRESSED$bunable to determine reason for suppression
=LAS  \\$aBATCH-UPD$b00$c20171203$lBLL01$h1553

