=LDR  01882 am a2200493 i 4500
=001  016438478
=003  Uk
=005  20130705122115.0
=006  m\\\\||\\d\|\\\\\\
=007  cr\|||||||||||
=008  130628s2013\\\\stka\\\\ob\\\|0|0\0|eng\\
=FMT  \\$a  BK
=015  \\$aGBB358431$2bnb
=020  \\$a9781782564607 (web only)
=040  \\$aUk$beng$cUk$erda
=042  \\$aukblsr
=082  04$a613.209411$223
=245  00$aSGF Healthy Living Programme - guidance for promoting produce.
=246  13$aGuidance for the Scottish Grocers Federation Healthy Living Programme - Foods suitable for promotion
=264  \1$aEdinburgh :$bScottish Government,$cMarch 2013.
=300  \\$a1 online resource (11 pages) :$billustrations (colour)
=336  \\$atext$2rdacontent
=337  \\$acomputer$2rdamedia
=338  \\$aonline resource$2rdacarrier
=504  \\$aIncludes bibliographical references.
=588  \\$aDescription based on online resource; title from PDF cover page (viewed on July 5, 2013).
=650  \0$aNutrition$xGovernment policy$zScotland.
=650  \0$aPublic health$zScotland.
=650  \0$aHealth education$zScotland.
=650  \0$aHealth promotion$zScotland.
=650  \0$aDiet$xHealth aspects$zScotland.
=710  1\$aScotland.$bScottish Government,$eissuing body.
=710  1\$aScotland.$bHealthier Scotland.
=856  40$uhttp://www.scotland.gov.uk/Resource/0042/00421369.pdf
=859  \\$aELD$bebook
=852  41$aBritish Library$bHMNTS$jELD Digital store
=CAT  \\$a10983$b40$c20130628$lBLL01$h1050
=CAT  \\$a8141$b40$c20130705$lBLL01$h1221
=CAT  \\$aWR14.047$c20140417$lBLL01$h1646
=CAT  \\$aW1611-0868$c20161114$lBLL01$h1414
=CAT  \\$aW1711-1225$c20171203$lBLL01$h1053
=FIN  \\$aY$d20130705
=STA  \\$aSUPPRESSED$bunable to determine reason for suppression
=LAS  \\$aW1711-1225$b00$c20171203$lBLL01$h1053

