=LDR  01754 am a2200457 i 4500
=001  016438494
=003  Uk
=005  20130715133235.0
=006  m\\\\||\\d\|\\\\\\
=007  cr\|||||||||||
=008  130628s2013\\\\stka\\\\ob\\\|0|0\0|eng\\
=FMT  \\$a  BK
=015  \\$aGBB360940$2bnb
=020  \\$a9781782564577 (web only)
=040  \\$aUk$beng$cUk$erda
=042  \\$aukblsr
=082  04$a384.09411$223
=110  1\$aScotland.$bScottish Government,$eauthor.
=245  10$aScotland's digital future :$bsupporting the transition to a world-leading digital economy : emerging findings.
=264  \1$aEdinburgh :$bScottish Government,$cApril 2013.
=300  \\$a1 online resource (45 pages) :$billustrations (black and white, and colour)
=336  \\$atext$2rdacontent
=337  \\$acomputer$2rdamedia
=338  \\$aonline resource$2rdacarrier
=504  \\$aIncludes bibliographical references.
=588  \\$aDescription based on online resource; title from PDF cover page (viewed on July 15, 2013).
=650  \0$aDigital communications$xEconomic aspects$zScotland.
=650  \0$aElectronic commerce$zScotland.
=650  \0$aTechnology and state$zScotland.
=651  \0$aScotland$xEconomic policy.
=856  40$uhttp://www.scotland.gov.uk/Resource/0042/00421478.pdf
=859  \\$aELD$bebook
=852  41$aBritish Library$bHMNTS$jELD Digital store
=CAT  \\$a10983$b40$c20130628$lBLL01$h1101
=CAT  \\$a8141$b40$c20130715$lBLL01$h1332
=CAT  \\$aWR14.047$c20140417$lBLL01$h1646
=CAT  \\$aW1611-0868$c20161114$lBLL01$h1414
=CAT  \\$aW1711-1225$c20171203$lBLL01$h1053
=FIN  \\$aY$d20130715
=STA  \\$aSUPPRESSED$bunable to determine reason for suppression
=LAS  \\$aW1711-1225$b00$c20171203$lBLL01$h1053

