=LDR  02206 am a2200529 i 4500
=001  016438572
=003  Uk
=005  20130710090645.0
=006  m\\\\||\\d\|\\\\\\
=007  cr\|||||||||||
=008  130628s2013\\\\stk\\\\\ob\\\|0|0\0|eng\\
=FMT  \\$a  BK
=015  \\$aGBB360359$2bnb
=020  \\$z9781782565185 (web only)
=040  \\$aUk$beng$cUk$erda
=042  \\$aukblsr
=082  04$a363.6909411$223
=110  1\$aScotland.$bScottish Government,$eauthor.
=245  12$aA joint consultation on the historic environment strategy for Scotland and the merger of Historic Scotland and the Royal Commission on the Ancient and Historical Monuments of Scotland.
=264  \1$aEdinburgh :$bScottish Government,$cMay 2013.
=300  \\$a1 online resource (40 pages)
=336  \\$atext$2rdacontent
=337  \\$acomputer$2rdamedia
=338  \\$aonline resource$2rdacarrier
=504  \\$aIncludes bibliographical references.
=588  \\$aDescription based on online resource; title from PDF cover page (viewed on July 10, 2013).
=610  20$aHistoric Scotland$xReorganization.
=610  20$aRoyal Commission on the Ancient and Historical Monuments of Scotland$xReorganization.
=650  \0$aHistoric sites$zScotland.
=650  \0$aHistoric buildings$zScotland.
=650  \0$aHistoric sites$xEconomic aspects$zScotland.
=650  \0$aHistoric buildings$xEconomic aspects$zScotland.
=650  \0$aHistoric sites$xSocial aspects$zScotland.
=650  \0$aHistoric buildings$xSocial aspects$zScotland.
=650  \0$aHistoric sites$xConservation and restoration$zScotland.
=650  \0$aHistoric buildings$xConservation and restoration$zScotland.
=856  40$uhttp://www.scotland.gov.uk/Resource/0042/00421649.pdf
=859  \\$aELD$bebook
=852  41$aBritish Library$bHMNTS$jELD Digital store
=CAT  \\$a10983$b40$c20130628$lBLL01$h1155
=CAT  \\$a8141$b40$c20130710$lBLL01$h0906
=CAT  \\$aWR14.047$c20140417$lBLL01$h1646
=CAT  \\$aW1611-0868$c20161114$lBLL01$h1414
=CAT  \\$aW1711-1225$c20171203$lBLL01$h1053
=FIN  \\$aY$d20130710
=STA  \\$aSUPPRESSED$bunable to determine reason for suppression
=LAS  \\$aW1711-1225$b00$c20171203$lBLL01$h1053

