=LDR  02348 am a2200541 i 4500
=001  016438591
=003  Uk
=005  20130710083438.0
=006  m\\\\||\\d\|\\\\\\
=007  cr\|||||||||||
=008  130628s2013\\\\stka\\\\ob\\\|0|0\0|eng\\
=FMT  \\$a  BK
=015  \\$aGBB360353$2bnb
=020  \\$a9781782565185 (web only)
=040  \\$aUk$beng$cUk$erda
=042  \\$aukblsr
=082  04$a363.6909411$223
=110  1\$aScotland.$bScottish Government,$eauthor.
=245  14$aThe historic environment strategy for Scotland.
=264  \1$a[Edinburgh] :$bScottish Government,$c[2013?]
=300  \\$a1 online resource (39 pages) :$billustrations (colour)
=336  \\$atext$2rdacontent
=337  \\$acomputer$2rdamedia
=338  \\$aonline resource$2rdacarrier
=500  \\$a"Part two of A Joint Consultation on a Historic Environment Strategy for Scotland and the Merger of Historic Scotland and the Royal Commission on the Ancient and Historical Monuments of Scotland (RCAHMS)"--back cover.
=504  \\$aIncludes bibliographical references.
=588  \\$aDescription based on online resource; title from PDF title page (viewed on July 10, 2013).
=650  \0$aHistoric sites$xGovernment policy$zScotland.
=650  \0$aHistoric buildings$xGovernment policy$zScotland.
=650  \0$aHistoric sites$xEconomic aspects$zScotland.
=650  \0$aHistoric buildings$xEconomic aspects$zScotland.
=650  \0$aHistoric sites$xSocial aspects$zScotland.
=650  \0$aHistoric buildings$xSocial aspects$zScotland.
=650  \0$aHistoric sites$xConservation and restoration$xGovernment policy$zScotland.
=650  \0$aHistoric buildings$xConservation and restoration$xGovernment policy$zScotland.
=856  40$uhttp://www.scotland.gov.uk/Resource/0042/00421650.pdf
=859  \\$aELD$bebook
=852  41$aBritish Library$bHMNTS$jELD Digital store
=CAT  \\$a10983$b40$c20130628$lBLL01$h1204
=CAT  \\$a8141$b40$c20130710$lBLL01$h0817
=CAT  \\$a8141$b40$c20130710$lBLL01$h0832
=CAT  \\$a8141$b40$c20130710$lBLL01$h0834
=CAT  \\$aWR14.047$c20140417$lBLL01$h1646
=CAT  \\$aW1611-0868$c20161114$lBLL01$h1414
=CAT  \\$aW1711-1225$c20171203$lBLL01$h1053
=FIN  \\$aY$d20130710
=STA  \\$aSUPPRESSED$bunable to determine reason for suppression
=LAS  \\$aW1711-1225$b00$c20171203$lBLL01$h1053

