=LDR  01643 am a2200433 i 4500
=001  016438605
=003  Uk
=005  20130710110936.0
=006  m\\\\||\\d\|\\\\\\
=007  cr\|||||||||||
=008  130628s2013\\\\stk\\\\\ob\\\|0|0\0|eng\\
=FMT  \\$a  BK
=015  \\$aGBB360376$2bnb
=040  \\$aUk$beng$cUk$erda
=042  \\$aukblsr
=082  04$a363.6909411$223
=245  04$aThe historic environment strategy for Scotland.$pEnvironmental Assessment (Scotland) Act 2005 :$benvironmental report.
=264  \1$a[Edinburgh] :$b[Scottish Government],$cMay 2013.
=300  \\$a1 online resource (51 unnumbered pages)
=336  \\$atext$2rdacontent
=337  \\$acomputer$2rdamedia
=338  \\$aonline resource$2rdacarrier
=504  \\$aIncludes bibliographical references.
=588  \\$aDescription based on online resource; title from PDF cover page (viewed on July 10, 2013).
=650  \0$aHistoric sites$zScotland.
=650  \0$aHistoric sites$xConservation and restoration$zScotland.
=650  \0$aEnvironmental impact analysis$zScotland.
=710  1\$aScotland.$bScottish Government.
=856  40$uhttp://www.scotland.gov.uk/Resource/0042/00421652.pdf
=859  \\$aELD$bebook
=852  41$aBritish Library$bHMNTS$jELD Digital store
=CAT  \\$a10983$b40$c20130628$lBLL01$h1214
=CAT  \\$a8141$b40$c20130710$lBLL01$h1109
=CAT  \\$aWR14.047$c20140417$lBLL01$h1646
=CAT  \\$aW1611-0868$c20161114$lBLL01$h1414
=CAT  \\$aW1711-1225$c20171203$lBLL01$h1053
=FIN  \\$aY$d20130710
=STA  \\$aSUPPRESSED$bunable to determine reason for suppression
=LAS  \\$aW1711-1225$b00$c20171203$lBLL01$h1053

