=LDR  01855 am a2200457 i 4500
=001  016438614
=003  Uk
=005  20130711082430.0
=006  m\\\\||\\d\|\\\\\\
=007  cr\|||||||||||
=008  130628s2013\\\\stk\\\\\ob\\\|0|0\0|eng\\
=FMT  \\$a  BK
=015  \\$aGBB360420$2bnb
=020  \\$a9781782565734 (web only)
=040  \\$aUk$beng$cUk$erda
=042  \\$aukblsr
=082  04$a346.4110138$223
=110  1\$aScotland.$bScottish Government,$eauthor.
=245  10$aAdults with Incapacity (Supervision of Welfare Guardians etc. by Local Authorities) (Scotland) Regulations 2002 :$ba consultation on proposed changes.
=264  \1$aEdinburgh :$bScottish Government,$cMay 2013.
=300  \\$a1 online resource (17 pages)
=336  \\$atext$2rdacontent
=337  \\$acomputer$2rdamedia
=338  \\$aonline resource$2rdacarrier
=504  \\$aIncludes bibliographical references.
=588  \\$aDescription based on online resource; title from PDF cover page (viewed on July 11, 2013).
=610  10$aScotland.$tAdults with Incapacity (Supervision of Welfare Guardians etc. by Local Authorities) (Scotland) Regulations 2002.
=650  \0$aMental health laws$zScotland.
=650  \0$aPeople with mental disabilities$xLegal status, laws, etc.$zScotland.
=650  \0$aGuardian and ward$zScotland.
=856  40$uhttp://www.scotland.gov.uk/Resource/0042/00421750.pdf
=859  \\$aELD$bebook
=852  41$aBritish Library$bHMNTS$jELD Digital store
=CAT  \\$a10983$b40$c20130628$lBLL01$h1224
=CAT  \\$a8141$b40$c20130711$lBLL01$h0824
=CAT  \\$aWR14.047$c20140417$lBLL01$h1646
=CAT  \\$aW1611-0868$c20161114$lBLL01$h1414
=CAT  \\$aW1711-1225$c20171203$lBLL01$h1053
=FIN  \\$aY$d20130711
=STA  \\$aSUPPRESSED$bunable to determine reason for suppression
=LAS  \\$aW1711-1225$b00$c20171203$lBLL01$h1053

