=LDR  01771 am a2200469 i 4500
=001  016438619
=003  Uk
=005  20130711091540.0
=006  m\\\\||\\d\|\\\\\\
=007  cr\|||||||||||
=008  130628s2013\\\\stka\\\\ob\\\|0|0\0|eng\\
=FMT  \\$a  BK
=015  \\$aGBB360424$2bnb
=020  \\$z9781782565635 (paperback)
=040  \\$aUk$beng$cUk$erda
=042  \\$aukblsr
=082  04$a332.109411$223
=110  1\$aScotland.$bScottish Government,$eauthor.
=245  10$aSustainable, responsible banking :$ba strategy for Scotland.
=264  \1$aEdinburgh :$bScottish Government,$cMay 2013.
=300  \\$a1 online resource (35 pages) :$b1 illustration (colour)
=336  \\$atext$2rdacontent
=337  \\$acomputer$2rdamedia
=338  \\$aonline resource$2rdacarrier
=504  \\$aIncludes bibliographical references.
=588  \\$aDescription based on online resource; title from PDF title page (viewed on July 11, 2013).
=650  \0$aBanks and banking$zScotland.
=650  \0$aBanks and banking$xEconomic aspects$zScotland.
=650  \0$aBanks and banking$xGovernment policy$zScotland.
=650  \0$aBank management$xGovernment policy$zScotland.
=650  \0$aSocial responsibility of business$zScotland.
=856  40$uhttp://www.scotland.gov.uk/Resource/0042/00422011.pdf
=859  \\$aELD$bebook
=852  41$aBritish Library$bHMNTS$jELD Digital store
=CAT  \\$a10983$b40$c20130628$lBLL01$h1227
=CAT  \\$a8141$b40$c20130711$lBLL01$h0915
=CAT  \\$aWR14.047$c20140417$lBLL01$h1646
=CAT  \\$aW1611-0868$c20161114$lBLL01$h1414
=CAT  \\$aW1711-1225$c20171203$lBLL01$h1053
=FIN  \\$aY$d20130711
=STA  \\$aSUPPRESSED$bunable to determine reason for suppression
=LAS  \\$aW1711-1225$b00$c20171203$lBLL01$h1053

