=LDR  02130 am a2200541 i 4500
=001  016438624
=003  Uk
=005  20130711110047.0
=006  m\\\\||\\d\|\\\\\\
=007  cr\|||||||||||
=008  130628s2013\\\\stk\\\\\ob\\\|0|0\0|eng\\
=FMT  \\$a  BK
=015  \\$aGBB360437$2bnb
=020  \\$a9781782565611 (web only publication)
=040  \\$aUk$beng$cUk$erda
=042  \\$aukblsr
=082  04$a324.64083509411$223
=100  1\$aChan, Vanessa,$d1985-$eauthor.
=245  10$aTesting the Young Voter Registration Form for the 2014 referendum on Scottish independence /$cVanessa Chan, Lorraine Murray, Kate Sewel and Steven Treanor, Ipsos MORI Scotland.
=264  \1$a[Edinburgh] :$bScottish Government Social Research,$c2013.
=300  \\$a1 online resource (14, 9 unnumbered pages).
=336  \\$atext$2rdacontent
=337  \\$acomputer$2rdamedia
=338  \\$aonline resource$2rdacarrier
=490  1\$aSocial Research series,$x2045-6964
=500  \\$a"Public services and government"--Cover.
=504  \\$aIncludes bibliographical references.
=588  \\$aDescription based on online resource; title from PDF title page (viewed on July 11, 2013).
=650  \0$aVoter registration$zScotland.
=650  \0$aReferendum$zScotland.
=650  \0$aSelf-determination, Self$zScotland.
=650  \0$aTeenagers$zScotland.
=700  1\$aMurray, Lorraine,$eauthor.
=700  1\$aSewel, Kate,$eauthor.
=700  1\$aTreanor, Steven,$eauthor.
=710  1\$aScotland.$bSocial Research,$eissuing body.
=830  \0$aSocial Research series (Scotland. Social Research)
=856  40$uhttp://www.scotland.gov.uk/Resource/0042/00421718.pdf
=859  \\$aELD$bebook
=852  41$aBritish Library$bHMNTS$jELD Digital store
=CAT  \\$a10983$b40$c20130628$lBLL01$h1231
=CAT  \\$a8141$b40$c20130711$lBLL01$h1100
=CAT  \\$aWR14.047$c20140417$lBLL01$h1646
=CAT  \\$aW1611-0868$c20161114$lBLL01$h1414
=CAT  \\$aW1711-1225$c20171203$lBLL01$h1053
=FIN  \\$aY$d20130711
=STA  \\$aSUPPRESSED$bunable to determine reason for suppression
=LAS  \\$aW1711-1225$b00$c20171203$lBLL01$h1053

