=LDR  01922 am a2200493 i 4500
=001  016438646
=003  Uk
=005  20130711122542.0
=006  m\\\\||\\d\|\\\\\\
=007  cr\|||||||||||
=008  130628s2013\\\\stk\\\\\o\\\\|0|0\0|eng\\
=FMT  \\$a  BK
=015  \\$aGBB360455$2bnb
=020  \\$a9781782565932 (web only)
=040  \\$aUk$beng$cUk$erda
=042  \\$aukblsr
=082  04$a338.9109411$223
=110  1\$aScotland.$bScottish Government,$eauthor.
=245  10$aEuropean Structural Funds 2014 - 2020 programmes :$ba public consultation seeking views on the proposals for the implementation of the 2014-2020 European Structural Funds.
=264  \1$aEdinburgh :$bScottish Government,$cMay 2013.
=300  \\$a1 online resource (24 pages)
=336  \\$atext$2rdacontent
=337  \\$acomputer$2rdamedia
=338  \\$aonline resource$2rdacarrier
=588  \\$aDescription based on online resource; title from PDF cover page (viewed on July 11, 2013).
=650  \0$aEconomic assistance$zScotland.
=650  \0$aRegional planning$zScotland$xFinance.
=650  \0$aEconomic development$zScotland.
=651  \0$aScotland$xEconomic conditions$y21st century.
=710  1\$aScotland.$bScottish Government,$eissuing body.
=710  2\$aEuropean Social Fund.
=710  2\$aEuropean Regional Development Fund.
=856  40$uhttp://www.scotland.gov.uk/Resource/0042/00422469.pdf
=859  \\$aELD$bebook
=852  41$aBritish Library$bHMNTS$jELD Digital store
=CAT  \\$a10983$b40$c20130628$lBLL01$h1325
=CAT  \\$a8141$b40$c20130711$lBLL01$h1214
=CAT  \\$a8141$b40$c20130711$lBLL01$h1225
=CAT  \\$aWR14.047$c20140417$lBLL01$h1646
=CAT  \\$aW1611-0868$c20161114$lBLL01$h1414
=CAT  \\$aW1711-1225$c20171203$lBLL01$h1053
=FIN  \\$aY$d20130711
=STA  \\$aSUPPRESSED$bunable to determine reason for suppression
=LAS  \\$aW1711-1225$b00$c20171203$lBLL01$h1053

