=LDR  01823 am a2200457 i 4500
=001  016438673
=003  Uk
=005  20130711131316.0
=006  m\\\\||\\d\|\\\\\\
=007  cr\|||||||||||
=008  130628s2013\\\\stka\\\\o\\\\|0|0\0|eng\\
=FMT  \\$a  BK
=015  \\$aGBB360462$2bnb
=020  \\$a9781782563938 (web only)
=040  \\$aUk$beng$cUk$erda
=042  \\$aukblsr
=082  04$a362.409411$223
=110  2\$aENABLE Scotland (Organization),$eauthor.
=245  12$aA guide to the Social Care (Self-directed Support) (Scotland) Act 2013 /$cproduced by ENABLE Scotland for the Scottish Government.
=264  \1$aEdinburgh :$bScottish Government,$cMay 2013.
=300  \\$a1 online resource (19 pages) :$billustrations (colour)
=336  \\$atext$2rdacontent
=337  \\$acomputer$2rdamedia
=338  \\$aonline resource$2rdacarrier
=588  \\$aDescription based on online resource; title from PDF cover page (viewed on July 11, 2013).
=650  \0$aPeople with disabilities$xCare$zScotland.
=650  \0$aPeople with disabilities$xCare$zScotland$xFinance.
=650  \0$aPeople with disabilities$xLegal status, laws, etc.$zScotland.
=650  \0$aPeople with disabilities$xServices for$zScotland.
=710  1\$aScotland.$bScottish Government,$eissuing body.
=856  40$uhttp://www.scotland.gov.uk/Resource/0042/00423126.pdf
=859  \\$aELD$bebook
=852  41$aBritish Library$bHMNTS$jELD Digital store
=CAT  \\$a10983$b40$c20130628$lBLL01$h1345
=CAT  \\$a8141$b40$c20130711$lBLL01$h1313
=CAT  \\$aWR14.047$c20140417$lBLL01$h1646
=CAT  \\$aW1611-0868$c20161114$lBLL01$h1414
=CAT  \\$aW1711-1225$c20171203$lBLL01$h1053
=FIN  \\$aY$d20130711
=STA  \\$aSUPPRESSED$bunable to determine reason for suppression
=LAS  \\$aW1711-1225$b00$c20171203$lBLL01$h1053

