=LDR  01944 am a2200517 i 4500
=001  016438682
=003  Uk
=005  20130730131737.0
=006  m\\\\||\\d\|\\\\\\
=007  cr\|||||||||||
=008  130628s2013\\\\stka\\\\ob\\\|0|0\0|eng\\
=FMT  \\$a  BK
=015  \\$aGBB360473$2bnb
=020  \\$z9781782564300
=040  \\$aUk$beng$cUk$erda
=042  \\$aukblsr
=082  04$a362.196692009411$223
=110  1\$aScotland.$bNational Infertility Group,$eauthor.
=245  10$aNational Infertility Group report.
=264  \1$aEdinburgh :$bScottish Government,$cMay 2013.
=300  \\$a1 online resource (iv, 79 pages) :$billustrations (colour)
=336  \\$atext$2rdacontent
=337  \\$acomputer$2rdamedia
=338  \\$aonline resource$2rdacarrier
=500  \\$a"January 2013"--Cover.
=504  \\$aIncludes bibliographical references.
=588  \\$aDescription based on online resource; title from PDF title page (viewed on July 11, 2013).
=650  \0$aFertilization in vitro, Human$zScotland.
=650  \0$aFertilization in vitro, Human$xEconomic aspects$zScotland.
=650  \0$aInfertility$xTreatment$zScotland.
=650  \0$aInfertility$xTreatment$zScotland$vStatistics.
=710  1\$aScotland.$bScottish Government,$eissuing body.
=710  1\$aScotland.$bHealthier Scotland.
=856  40$uhttp://www.scotland.gov.uk/Resource/0042/00421950.pdf
=859  \\$aELD$bebook
=852  41$aBritish Library$bHMNTS$jELD Digital store
=CAT  \\$a10983$b40$c20130628$lBLL01$h1350
=CAT  \\$a10983$b40$c20130628$lBLL01$h1351
=CAT  \\$a8141$b40$c20130711$lBLL01$h1413
=CAT  \\$a7332$b40$c20130730$lBLL01$h1317
=CAT  \\$aWR14.047$c20140417$lBLL01$h1646
=CAT  \\$aW1611-0868$c20161114$lBLL01$h1414
=CAT  \\$aW1711-1225$c20171203$lBLL01$h1053
=FIN  \\$aY$d20130711
=STA  \\$aSUPPRESSED$bunable to determine reason for suppression
=LAS  \\$aW1711-1225$b00$c20171203$lBLL01$h1053

