=LDR  01164 am a22003373i 4500
=001  016438694
=003  Uk
=005  20130711150508.0
=006  m\\\\||\\d\|\\\\\\
=007  cr\|||||||||||
=008  130628s2013\\\\enk\\\\\o\\\\\0|0\0|eng\\
=FMT  \\$a  BK
=082  04$a364.309411$223
=245  00$aReducing Reoffending Change Fund Evaluation of Year 1 - Public Social Partnership Development.
=264  \1$aEdinburgh :$bScottish Government,$c2013.
=300  \\$a1 online resource
=336  \\$atext$2rdacontent
=337  \\$acomputer$2rdamedia
=338  \\$aonline resource$2rdacarrier
=490  0\$aResearch Findings ;$v45
=856  40$uhttp://www.scotland.gov.uk/Resource/0042/00422599.pdf
=859  \\$aELD$bebook
=852  41$aBritish Library$bHMNTS$jELD Digital store
=CAT  \\$a10983$b40$c20130628$lBLL01$h1400
=CAT  \\$a8141$b40$c20130711$lBLL01$h1505
=CAT  \\$aWR14.047$c20140417$lBLL01$h1646
=CAT  \\$aW1611-0868$c20161114$lBLL01$h1414
=CAT  \\$aW1711-1225$c20171203$lBLL01$h1053
=FIN  \\$aY$d20130711
=STA  \\$aSUPPRESSED$bunable to determine reason for suppression
=LAS  \\$aW1711-1225$b00$c20171203$lBLL01$h1053

