=LDR  02055 am a2200529 i 4500
=001  016438697
=003  Uk
=005  20130711145644.0
=006  m\\\\||\\d\|\\\\\\
=007  cr\|||||||||||
=008  130628s2013\\\\stk\\\\\ob\\\|0|0\0|eng\\
=FMT  \\$a  BK
=015  \\$aGBB360484$2bnb
=020  \\$z9781782565581
=040  \\$aUk$beng$cUk$erda
=042  \\$aukblsr
=082  04$a364.309411$223
=100  10$aClark, Ian,$d1959 June 19-$eauthor.
=245  10$aReducing Reoffending Change Fund evaluation of year 1 - Public Social Partnership Development /$cIan Clark, Lorraine Simpson and Rob Shipway, Iconic.
=264  \1$a[Edinburgh] :$bScottish Government Social Research,$c2013.
=300  \\$a1 online resource (8 unnumbered pages, 66 pages).
=336  \\$atext$2rdacontent
=337  \\$acomputer$2rdamedia
=338  \\$aonline resource$2rdacarrier
=490  1\$aSocial Research series,$x2045-6964
=500  \\$a"Crime and justice"--Cover.
=504  \\$aIncludes bibliographical references.
=588  \\$aDescription based on online resource; title from PDF title page (viewed on July 11, 2013).
=650  \0$aRecidivism$zScotland$xPrevention.
=650  \0$aRecidivists$xServices for$zScotland.
=700  1\$aSimpson, Lorraine,$eauthor.
=700  1\$aShipway, Rob,$eauthor.
=710  1\$aScotland.$bSocial Research,$eissuing body.
=830  \0$aSocial Research series (Scotland. Social Research)
=856  40$uhttp://www.scotland.gov.uk/Resource/0042/00422603.pdf
=859  \\$aELD$bebook
=852  41$aBritish Library$bHMNTS$jELD Digital store
=985  \\$a700s = new headings.
=CAT  \\$a10983$b40$c20130628$lBLL01$h1404
=CAT  \\$a8141$b40$c20130711$lBLL01$h1456
=CAT  \\$aWR14.047$c20140417$lBLL01$h1646
=CAT  \\$aW1611-0868$c20161114$lBLL01$h1414
=CAT  \\$aBATCH-UPD$b00$c20161114$lBLL01$h1416
=CAT  \\$aW1711-1225$c20171203$lBLL01$h1053
=FIN  \\$aY$d20130711
=STA  \\$aSUPPRESSED$bunable to determine reason for suppression
=LAS  \\$aW1711-1225$b00$c20171203$lBLL01$h1053

