=LDR  01899 am a2200481 i 4500
=001  016438732
=003  Uk
=005  20130715092747.0
=006  m\\\\||\\d\|\\\\\\
=007  cr\|||||||||||
=008  130628s2013\\\\stk\\\\\o\\\\|0|0\0|eng\\
=FMT  \\$a  BK
=015  \\$aGBB360891$2bnb
=020  \\$a9781782565260 (web only)
=040  \\$aUk$beng$cUk$erda
=042  \\$aukblsr
=082  04$a343.41107869$223
=110  1\$aScotland.$bBuilding Standards Division,$eauthor.
=245  10$aConsultation report review of Scottish building standards technical handbooks sections 7 :$bsustainability - non-domestic - new schools /$cBuilding Standards Division.
=264  \1$aEdinburgh :$bScottish Government,$cApril 2013.
=300  \\$a1 online resource (31 pages)
=336  \\$atext$2rdacontent
=337  \\$acomputer$2rdamedia
=338  \\$aonline resource$2rdacarrier
=500  \\$a"March 2013"--Cover.
=588  \\$aDescription based on online resource; title from PDF cover page (viewed on July 15, 2013).
=650  \0$aStandards, Engineering$zScotland.
=650  \0$aSustainable buildings$xDesign and construction$xStandards$zScotland.
=710  1\$aScotland.$bScottish Government,$eissuing body.
=856  40$uhttp://www.scotland.gov.uk/Resource/0042/00423344.pdf
=859  \\$aELD$bebook
=852  41$aBritish Library$bHMNTS$jELD Digital store
=CAT  \\$a10983$b40$c20130628$lBLL01$h1440
=CAT  \\$a10983$b40$c20130628$lBLL01$h1441
=CAT  \\$a10983$b40$c20130628$lBLL01$h1444
=CAT  \\$a8141$b40$c20130715$lBLL01$h0922
=CAT  \\$a8141$b40$c20130715$lBLL01$h0927
=CAT  \\$aWR14.047$c20140417$lBLL01$h1646
=CAT  \\$aW1611-0868$c20161114$lBLL01$h1414
=CAT  \\$aW1711-1225$c20171203$lBLL01$h1053
=FIN  \\$aY$d20130715
=STA  \\$aSUPPRESSED$bunable to determine reason for suppression
=LAS  \\$aW1711-1225$b00$c20171203$lBLL01$h1053

