=LDR  01942 am a2200493 i 4500
=001  016438737
=003  Uk
=005  20130715092209.0
=006  m\\\\||\\d\|\\\\\\
=007  cr\|||||||||||
=008  130628s2013\\\\stk\\\\\o|\\\\0|0\0|eng\\
=FMT  \\$a  BK
=015  \\$aGBB360886$2bnb
=020  \\$a9781782565802 (web only)
=040  \\$aUk$beng$cUk$erda
=042  \\$aukblsr
=082  04$a343.41107869$223
=110  1\$aScotland.$bBuilding Standards Division,$eauthor.
=245  10$aConsultation report review of Scottish building standards technical handbooks :$bsection 3: Environment and section 4: Safety /$cBuilding Standards Division.
=264  \1$aEdinburgh :$bScottish Government,$cMay 2013.
=300  \\$a1 online resource (19 pages)
=336  \\$atext$2rdacontent
=337  \\$acomputer$2rdamedia
=338  \\$aonline resource$2rdacarrier
=588  \\$aDescription based on online resource; title from PDF cover page (viewed on July 15, 2013).
=650  \0$aStandards, Engineering$zScotland.
=650  \0$aHouse construction$xStandards$zScotland.
=650  \0$aHouse construction$xSpecifications$zScotland$xSafety measures.
=650  \0$aDwellings$zScotland$xWater-supply.
=650  \0$aWater efficiency$zScotland.
=710  1\$aScotland.$bScottish Government,$eissuing body.
=856  40$uhttp://www.scotland.gov.uk/Resource/0042/00423179.pdf
=859  \\$aELD$bebook
=852  41$aBritish Library$bHMNTS$jELD Digital store
=CAT  \\$a10983$b40$c20130628$lBLL01$h1447
=CAT  \\$a8141$b40$c20130715$lBLL01$h0851
=CAT  \\$a8141$b40$c20130715$lBLL01$h0910
=CAT  \\$a8141$b40$c20130715$lBLL01$h0922
=CAT  \\$aWR14.047$c20140417$lBLL01$h1646
=CAT  \\$aW1611-0868$c20161114$lBLL01$h1414
=CAT  \\$aW1711-1225$c20171203$lBLL01$h1053
=FIN  \\$aY$d20130715
=STA  \\$aSUPPRESSED$bunable to determine reason for suppression
=LAS  \\$aW1711-1225$b00$c20171203$lBLL01$h1053

