=LDR  01625 am a2200445 i 4500
=001  016438742
=003  Uk
=005  20130715104537.0
=006  m\\\\||\\d\|\\\\\\
=007  cr\|||||||||||
=008  130628s2013\\\\stk\\\\\ob\\\|0|0\0|eng\\
=FMT  \\$a  BK
=015  \\$aGBB360904$2bnb
=020  \\$a9781782566069 (web only)
=040  \\$aUk$beng$cUk$erda
=042  \\$aukblsr
=082  04$a362.196694009411$223
=245  00$aTechnical note on the calculation of the baseline for the Detect Cancer Early HEAT target.
=264  \1$aEdinburgh :$bScottish Government,$cMay 2013.
=300  \\$a1 online resource (9 pages)
=336  \\$atext$2rdacontent
=337  \\$acomputer$2rdamedia
=338  \\$aonline resource$2rdacarrier
=500  \\$a"28 May 2013"--Cover.
=504  \\$aIncludes bibliographical references.
=588  \\$aDescription based on online resource; title from PDF cover page (viewed on July 15, 2013).
=650  \0$aCancer$xDiagnosis$zScotland.
=650  \0$aCancer$xGovernment policy$zScotland.
=710  1\$aScotland.$bScottish Government,$eissuing body.
=856  40$uhttp://www.scotland.gov.uk/Resource/0042/00423351.pdf
=859  \\$aELD$bebook
=852  41$aBritish Library$bHMNTS$jELD Digital store
=CAT  \\$a10983$b40$c20130628$lBLL01$h1453
=CAT  \\$a8141$b40$c20130715$lBLL01$h1045
=CAT  \\$aWR14.047$c20140417$lBLL01$h1646
=CAT  \\$aW1611-0868$c20161114$lBLL01$h1414
=CAT  \\$aW1711-1225$c20171203$lBLL01$h1053
=FIN  \\$aY$d20130715
=STA  \\$aSUPPRESSED$bunable to determine reason for suppression
=LAS  \\$aW1711-1225$b00$c20171203$lBLL01$h1053

