=LDR  01784 am a2200481 i 4500
=001  016438915
=003  Uk
=005  20130715122357.0
=006  m\\\\||\\d\|\\\\\\
=007  cr\|||||||||||
=008  130628s2013\\\\stka\\\\ob\\\|0|0\0|eng\\
=FMT  \\$a  BK
=015  \\$aGBB360926$2bnb
=020  \\$a9781782565536 (ePub)
=020  \\$z9781782565482 (web only)
=020  \\$z9781782565543 (Mobi)
=040  \\$aUk$beng$cUk$erda
=042  \\$aukblsr
=082  04$a363.509411$223
=110  1\$aScotland.$bScottish Government,$eauthor.
=245  12$aA place to stay, a place to call home :$ba strategy for the private rented sector in Scotland.
=246  13$aStrategy for the private rented sector in Scotland
=264  \1$aEdinburgh :$bScottish Government,$cMay 2013.
=300  \\$a1 online resource (iv, 32 pages) :$billustrations (colour)
=336  \\$atext$2rdacontent
=337  \\$acomputer$2rdamedia
=338  \\$aonline resource$2rdacarrier
=504  \\$aIncludes bibliographical references.
=588  \\$aDescription based on online resource; title from PDF title page (viewed on July 15, 2013).
=650  \0$aRental housing$zScotland.
=650  \0$aLandlord and tenant$zScotland.
=650  \0$aHousing policy$zScotland.
=856  40$uhttp://www.scotland.gov.uk/Resource/0042/00423336.pdf
=859  \\$aELD$bebook
=852  41$aBritish Library$bHMNTS$jELD Digital store
=CAT  \\$a10983$b40$c20130628$lBLL01$h1517
=CAT  \\$a8141$b40$c20130715$lBLL01$h1223
=CAT  \\$aWR14.047$c20140417$lBLL01$h1646
=CAT  \\$aW1611-0868$c20161114$lBLL01$h1414
=CAT  \\$aW1711-1225$c20171203$lBLL01$h1053
=FIN  \\$aY$d20130715
=STA  \\$aSUPPRESSED$bunable to determine reason for suppression
=LAS  \\$aW1711-1225$b00$c20171203$lBLL01$h1053

