=LDR  01787 am a2200457 i 4500
=001  016438919
=003  Uk
=005  20130716081215.0
=006  m\\\\||\\d\|\\\\\\
=007  cr\|||||||||||
=008  130628s2013\\\\stka\\\\ob\\\|0|0\0|eng\\
=FMT  \\$a  BK
=015  \\$aGBB361117$2bnb
=040  \\$aUk$beng$cUk$erda
=042  \\$aukblsr
=082  04$a362.1084609411$223
=110  1\$aScotland.$bScottish Government,$eauthor.
=245  10$aFinal business and regulatory impact assessment :$bPublic Bodies (Joint Working) (Scotland) Bill.
=264  \1$aEdinburgh :$bScottish Government,$cMay 2013.
=300  \\$a1 online resource (19 pages) :$b1 illustration (colour)
=336  \\$atext$2rdacontent
=337  \\$acomputer$2rdamedia
=338  \\$aonline resource$2rdacarrier
=504  \\$aIncludes bibliographical references.
=588  \\$aDescription based on online resource; title from PDF cover page (viewed on July 16, 2013).
=650  \0$aOlder people$xMedical care$xGovernment policy$zScotland.
=650  \0$aSocial service$xGovernment policy$zScotland.
=650  \0$aCommunity health services$zScotland.
=650  \0$aHealth services administration$xGovernment policy$zScotland.
=856  40$uhttp://www.scotland.gov.uk/Resource/0042/00423477.pdf
=859  \\$aELD$bebook
=852  41$aBritish Library$bHMNTS$jELD Digital store
=CAT  \\$a10983$b40$c20130628$lBLL01$h1522
=CAT  \\$a8141$b40$c20130716$lBLL01$h0810
=CAT  \\$a8141$b40$c20130716$lBLL01$h0812
=CAT  \\$aWR14.047$c20140417$lBLL01$h1646
=CAT  \\$aW1611-0868$c20161114$lBLL01$h1414
=CAT  \\$aW1711-1225$c20171203$lBLL01$h1053
=FIN  \\$aY$d20130716
=STA  \\$aSUPPRESSED$bunable to determine reason for suppression
=LAS  \\$aW1711-1225$b00$c20171203$lBLL01$h1053

