=LDR  01844 am a2200445 i 4500
=001  016438923
=003  Uk
=005  20130715113955.0
=006  m\\\\||\\d\|\\\\\\
=007  cr\|||||||||||
=008  130628s2013\\\\stk\\\\\ob\\\|0|0\0|eng\\
=FMT  \\$a  BK
=015  \\$aGBB360917$2bnb
=020  \\$a9781782566038 (web only)
=040  \\$aUk$beng$cUk$erda
=042  \\$aukblsr
=082  04$a362.042509411$223
=245  00$aCaring together and Getting it right for young carers :$bthe Carers and Young Carers Strategy for Scotland 2010 - 2015 : progress report on implementation and related developments to support carers and young carers (since first meeting of the Carers Parliament on 1 October 2012).
=264  \1$aEdinburgh :$bScottish Government,$cMay 2013.
=300  \\$a1 online resource (23 pages)
=336  \\$atext$2rdacontent
=337  \\$acomputer$2rdamedia
=338  \\$aonline resource$2rdacarrier
=504  \\$aIncludes bibliographical references.
=588  \\$aDescription based on online resource; title from PDF cover page (viewed on July 15, 2013).
=650  \0$aCaregivers$xGovernment policy$zScotland.
=650  \0$aCaregivers$xServices for$zScotland.
=710  1\$aScotland.$bScottish Government,$eissuing body.
=710  2\$aConvention of Scottish Local Authorities.
=856  40$uhttp://www.scotland.gov.uk/Resource/0042/00423446.pdf
=859  \\$aELD$bebook
=852  41$aBritish Library$bHMNTS$jELD Digital store
=CAT  \\$a10983$b40$c20130628$lBLL01$h1526
=CAT  \\$a8141$b40$c20130715$lBLL01$h1139
=CAT  \\$aWR14.047$c20140417$lBLL01$h1646
=CAT  \\$aW1611-0868$c20161114$lBLL01$h1414
=CAT  \\$aW1711-1225$c20171203$lBLL01$h1053
=FIN  \\$aY$d20130715
=STA  \\$aSUPPRESSED$bunable to determine reason for suppression
=LAS  \\$aW1711-1225$b00$c20171203$lBLL01$h1053

