=LDR  01124 am a22003253i 4500
=001  016447528
=003  Uk
=005  20130812132507.0
=006  m\\\\||\\d\|\\\\\\
=007  cr\|||||||||||
=008  130708s2013\\\\enk\\\\\o\\\\\0|0\0|eng\\
=FMT  \\$a  BK
=020  \\$z9781859359761 (pdf)
=245  \0$aPOVERTY, PARTICIPATION AND CHOICE :$bTHE LEGACY OF PETER TOWNSEND.
=264  \1$aYork :$bJoseph Rowntree Foundation,$c2013
=336  \\$atext$2rdacontent
=337  \\$acomputer$2rdamedia
=338  \\$aonline resource$2rdacarrier
=490  0\$aReport
=690  7\$aSocial Welfare$2blcoll
=856  40$uhttp://www.jrf.org.uk/sites/files/jrf/society-poverty-participation-full.pdf
=859  \\$aELD$bebook
=852  41$aBritish Library$bHMNTS$jELD Digital store
=CAT  \\$a10876$b40$c20130708$lBLL01$h1600
=CAT  \\$a10902$b40$c20130812$lBLL01$h1325
=CAT  \\$aWR14.047$c20140417$lBLL01$h1646
=CAT  \\$aW1611-0868$c20161114$lBLL01$h1414
=CAT  \\$aW1711-1225$c20171203$lBLL01$h1053
=STA  \\$aSUPPRESSED$bunable to determine reason for suppression
=LAS  \\$aW1711-1225$b00$c20171203$lBLL01$h1053

