=LDR  01884 am a2200493 i 4500
=001  016447880
=003  Uk
=005  20130715141543.0
=006  m\\\\||\\d\|\\\\\\
=007  cr\|||||||||||
=008  130709s2013\\\\enk\\\\\ob\\\|0|0\0|eng\\
=FMT  \\$a  BK
=015  \\$aGBB360948$2bnb
=040  \\$aUk$beng$cUk$erda
=042  \\$aukblsr
=082  04$a362.20941$223
=100  1\$aBell, Andy,$d1971-$eauthor.
=245  14$aThe NHS mandate and its implications for mental health /$cwritten by Andy Bell.
=264  \1$aLondon :$bCentre for Mental Health,$cApril 2013.
=300  \\$a1 online resource (11 pages).
=336  \\$atext$2rdacontent
=337  \\$acomputer$2rdamedia
=338  \\$aonline resource$2rdacarrier
=490  1\$aBriefing ;$v46
=504  \\$aIncludes bibliographical references.
=588  \\$aDescription based on online resource; title from page one of PDF file (viewed on July 15, 2013).
=650  \0$aMentally ill$xMedical care$zGreat Britain.
=650  \0$aMentally ill$xCare$zGreat Britain.
=650  \0$aMentally ill$xServices for$zGreat Britain.
=650  \0$aMental health policy$zGreat Britain.
=690  7\$aSocial Welfare$2blcoll
=710  2\$aCentre for Mental Health (London, England),$eissuing body.
=830  \0$aBriefing (Centre for Mental Health (London, England)) ;$v46.
=856  40$uhttp://www.centreformentalhealth.org.uk/pdfs/briefing46_NHSmandate.pdf
=859  \\$aELD$bebook
=852  41$aBritish Library$bHMNTS$jELD Digital store
=CAT  \\$a10983$b40$c20130709$lBLL01$h1241
=CAT  \\$a8141$b40$c20130715$lBLL01$h1415
=CAT  \\$aWR14.047$c20140417$lBLL01$h1646
=CAT  \\$aW1611-0868$c20161114$lBLL01$h1414
=CAT  \\$aW1711-1225$c20171203$lBLL01$h1053
=FIN  \\$aY$d20130715
=STA  \\$aSUPPRESSED$bunable to determine reason for suppression
=LAS  \\$aW1711-1225$b00$c20171203$lBLL01$h1053

