=LDR  02114 am a2200505 i 4500
=001  016450306
=003  Uk
=005  20130828103710.0
=006  m\\\\||\\d\|\\\\\\
=007  cr\|||||||||||
=008  130711s2013\\\\enk\\\\\o\\\\|0|0\0|eng\\
=FMT  \\$a  BK
=015  \\$aGBB375198$2bnb
=040  \\$aUk$beng$cUk$erda
=042  \\$aukblsr
=082  04$a362.10710942$223
=110  1\$aGreat Britain.$bDepartment of Health,$eissuing body.
=245  10$aDelivering high quality, effective, compassionate care :$bdeveloping the right people with the right skills and the right values : a mandate from the Government to Health Education England: April 2013 to March 2015.
=264  \1$a[London] :$bDepartment of Health,$cMay 2013.
=300  \\$a1 online resource (37 pages)
=336  \\$atext$2rdacontent
=337  \\$acomputer$2rdamedia
=338  \\$aonline resource$2rdacarrier
=588  \\$aDescription based on online resource; title from PDF cover page (viewed on August 22, 2013).
=610  20$aHealth Education England.
=650  \0$aMedical education$xGovernment policy$zEngland.
=650  \0$aMedical personnel$xTraining of$zEngland.
=650  \0$aMedical personnel$xIn-service training$zEngland.
=650  \0$aPublic health personnel$xEducation$zEngland.
=650  \0$aPublic health personnel$xIn-service training$zEngland.
=650  \0$aCore competencies.
=650  \0$aMedical policy$zEngland.
=690  7\$aSocial Welfare$2blcoll
=856  40$uhttps://www.gov.uk/government/uploads/system/uploads/attachment_data/file/203332/29257_2900971_Delivering_Accessible.pdf
=859  \\$aELD$bebook
=852  41$aBritish Library$bHMNTS$jELD Digital store
=CAT  \\$a11384$b40$c20130711$lBLL01$h1005
=CAT  \\$a8141$b40$c20130822$lBLL01$h0853
=CAT  \\$a7332$b40$c20130828$lBLL01$h1037
=CAT  \\$aWR14.047$c20140417$lBLL01$h1646
=CAT  \\$aW1611-0868$c20161114$lBLL01$h1414
=CAT  \\$aW1711-1225$c20171203$lBLL01$h1053
=FIN  \\$aY$d20130822
=STA  \\$aSUPPRESSED$bunable to determine reason for suppression
=LAS  \\$aW1711-1225$b00$c20171203$lBLL01$h1053

