=LDR  01864 am a2200457 i 4500
=001  016450332
=003  Uk
=005  20130828110344.0
=006  m\\\\||\\d\|\\\\\\
=007  cr\|||||||||||
=008  130711s2013\\\\enka\\\\ob\\\|0|0\0|eng\\
=FMT  \\$a  BK
=015  \\$aGBB375164$2bnb
=040  \\$aUk$beng$cUk$erda
=042  \\$aukblsr
=082  04$a304.630941021$223
=110  1\$aGreat Britain.$bDepartment of Health.$bAnalytical Team,$eauthor.
=245  10$aBirth ratios in the United Kingdom :$ba report on gender ratios at birth in the UK /$cprepared by Analytical Team, Department of Health.
=264  \1$a[London] :$bDepartment of Health,$cMay 2013.
=300  \\$a1 online resource (20 pages) :$b1 illustration (colour)
=336  \\$atext$2rdacontent
=337  \\$acomputer$2rdamedia
=338  \\$aonline resource$2rdacarrier
=504  \\$aIncludes bibliographical references.
=588  \\$aDescription based on online resource; title from PDF cover page (viewed on August 21, 2013).
=650  \0$aSex ratio$zGreat Britain$vStatistics.
=650  \0$aChildbirth$zGreat Britain$vStatistics.
=690  7\$aSocial Welfare$2blcoll
=710  1\$aGreat Britain.$bDepartment of Health,$eissuing body.
=856  40$uhttps://www.gov.uk/government/uploads/system/uploads/attachment_data/file/200527/Gender_birth_ratio_in_the_UK.pdf
=859  \\$aELD$bebook
=852  41$aBritish Library$bHMNTS$jELD Digital store
=CAT  \\$a11384$b40$c20130711$lBLL01$h1057
=CAT  \\$a8141$b40$c20130821$lBLL01$h1425
=CAT  \\$a7332$b40$c20130828$lBLL01$h1103
=CAT  \\$aWR14.047$c20140417$lBLL01$h1646
=CAT  \\$aW1611-0868$c20161114$lBLL01$h1414
=CAT  \\$aW1711-1225$c20171203$lBLL01$h1053
=FIN  \\$aY$d20130821
=STA  \\$aSUPPRESSED$bunable to determine reason for suppression
=LAS  \\$aW1711-1225$b00$c20171203$lBLL01$h1053

