=LDR  02160 am a2200505 i 4500
=001  016450345
=003  Uk
=005  20130822111539.0
=006  m\\\\||\\d\|\\\\\\
=007  cr\|||||||||||
=008  130711s2013\\\\enk\\\\\ob\\\|0|0\0|eng\\
=FMT  \\$a  BK
=015  \\$aGBB375214$2bnb
=040  \\$aUk$beng$cUk$erda
=042  \\$aukblsr
=082  04$a353.60942$223
=110  1\$aGreat Britain.$bDepartment of Health,$eauthor.
=245  14$aThe regulation and oversight of NHS trusts and NHS foundation trusts :$bjoint policy statement to accompany Care Bill quality of services clauses /$cissued jointly by the Department of Health, the CQC, NHS England, Monitor and the TDA.
=264  \1$a[London] :$bDepartment of Health,$cMay 2013.
=300  \\$a1 online resource (16 pages)
=336  \\$atext$2rdacontent
=337  \\$acomputer$2rdamedia
=338  \\$aonline resource$2rdacarrier
=504  \\$aIncludes bibliographical references.
=588  \\$aDescription based on online resource; title from PDF cover page (viewed on August 22, 2013).
=650  \0$aHealth services administration$zEngland$xQuality control.
=650  \0$aPublic health administration$zEngland$xQuality control.
=650  \0$aMedical care$zEngland$xQuality control.
=690  7\$aSocial Welfare$2blcoll
=710  1\$aGreat Britain.$bCare Quality Commission,$eauthor.
=710  2\$aNHS England,$eauthor.
=710  2\$aMonitor (Agency : Great Britain),$eauthor.
=710  2\$aNHS Trust Development Authority,$eauthor.
=856  40$uhttps://www.gov.uk/government/uploads/system/uploads/attachment_data/file/200446/regulation-oversight-NHS-trusts.pdf
=859  \\$aELD$bebook
=852  41$aBritish Library$bHMNTS$jELD Digital store
=985  \\$a710/1 & 710/3 = new headings.
=CAT  \\$a11384$b40$c20130711$lBLL01$h1116
=CAT  \\$a8141$b40$c20130822$lBLL01$h1115
=CAT  \\$aWR14.047$c20140417$lBLL01$h1646
=CAT  \\$aW1611-0868$c20161114$lBLL01$h1414
=CAT  \\$aW1711-1225$c20171203$lBLL01$h1053
=FIN  \\$aY$d20130822
=STA  \\$aSUPPRESSED$bunable to determine reason for suppression
=LAS  \\$aW1711-1225$b00$c20171203$lBLL01$h1053

