=LDR  02101 am a2200505 i 4500
=001  016450351
=003  Uk
=005  20131009135648.0
=006  m\\\\||\\d\|\\\\\\
=007  cr\|||||||||||
=008  130711s2013\\\\enk\\\\\ob\\\|0|0\0|eng\\
=FMT  \\$a  BK
=015  \\$aGBB375223$2bnb
=040  \\$aUk$beng$cUk$erda
=042  \\$aukblsr
=082  04$a353.60942$223
=245  00$aProtecting the health of the local population :$bthe new health protection duty of local authorities under the Local Authorities (Public Health Functions and Entry to Premises by Local Healthwatch Representatives) Regulations 2013.
=264  \1$a[London] :$bDepartment of Health,$cMay 2013.
=300  \\$a1 online resource (15 pages)
=336  \\$atext$2rdacontent
=337  \\$acomputer$2rdamedia
=338  \\$aonline resource$2rdacarrier
=504  \\$aIncludes bibliographical references.
=588  \\$aDescription based on online resource; title from PDF caption title (viewed on August 22, 2013).
=650  \0$aPublic health laws$zEngland.
=650  \0$aCommunicable diseases$zEngland$xPrevention.
=650  \0$aPublic health administration$zEngland.
=650  \0$aEmergency management$zEngland.
=690  7\$aSocial Welfare$2blcoll
=710  1\$aGreat Britain.$bDepartment of Health.
=710  2\$aPublic Health England.
=710  2\$aLocal Government Association (England and Wales)
=856  40$uhttps://www.gov.uk/government/uploads/system/uploads/attachment_data/file/199773/Health_Protection_in_Local_Authorities_Final.pdf
=859  \\$aELD$bebook
=852  41$aBritish Library$bHMNTS$jELD Digital store
=CAT  \\$a11384$b40$c20130711$lBLL01$h1124
=CAT  \\$a8141$b40$c20130822$lBLL01$h1156
=CAT  \\$a8141$b40$c20130822$lBLL01$h1202
=CAT  \\$a7332$b40$c20131009$lBLL01$h1356
=CAT  \\$aWR14.047$c20140417$lBLL01$h1646
=CAT  \\$aW1611-0868$c20161114$lBLL01$h1414
=CAT  \\$aW1711-1225$c20171203$lBLL01$h1053
=FIN  \\$aY$d20130822
=STA  \\$aSUPPRESSED$bunable to determine reason for suppression
=LAS  \\$aW1711-1225$b00$c20171203$lBLL01$h1053

