=LDR  01852 am a2200457 i 4500
=001  016450368
=003  Uk
=005  20130906074255.0
=006  m\\\\||\\d\|\\\\\\
=007  cr\|||||||||||
=008  130711s2013\\\\enk\\\\\o\\\\|0|0\0|eng\\
=FMT  \\$a  BK
=015  \\$aGBB375227$2bnb
=040  \\$aUk$beng$cUk$erda
=042  \\$aukblsr
=082  04$a362.60942$223
=110  1\$aGreat Britain.$bDepartment of Health.$bSocial Care Policy & Legislation Branch,$eauthor.
=245  10$aAdult social care :$bchoice framework /$cprepared by Social Care Policy & Legislation Branch.
=264  \1$a[London] :$bDepartment of Health,$cMay 2013.
=300  \\$a1 online resource (14 pages)
=336  \\$atext$2rdacontent
=337  \\$acomputer$2rdamedia
=338  \\$aonline resource$2rdacarrier
=588  \\$aDescription based on online resource; title from PDF title page (viewed on August 22, 2013).
=650  \0$aOlder people$xCare$zEngland.
=650  \0$aOlder people$xServices for$zEngland.
=650  \0$aOlder people$xLegal status, laws, etc.$zEngland.
=690  7\$aSocial Welfare$2blcoll
=710  1\$aGreat Britain.$bDepartment of Health,$eissuing body.
=856  40$uhttps://www.gov.uk/government/uploads/system/uploads/attachment_data/file/199865/Adult_social_care_choice_fwork_draft_APRIL_2013_DH_template_FINAL.pdf
=859  \\$aELD$bebook
=852  41$aBritish Library$bHMNTS$jELD Digital store
=CAT  \\$a11384$b40$c20130711$lBLL01$h1139
=CAT  \\$a8141$b40$c20130822$lBLL01$h1215
=CAT  \\$a7332$b40$c20130906$lBLL01$h0742
=CAT  \\$aWR14.047$c20140417$lBLL01$h1646
=CAT  \\$aW1611-0868$c20161114$lBLL01$h1414
=CAT  \\$aW1711-1225$c20171203$lBLL01$h1053
=FIN  \\$aY$d20130822
=STA  \\$aSUPPRESSED$bunable to determine reason for suppression
=LAS  \\$aW1711-1225$b00$c20171203$lBLL01$h1053

