=LDR  02075 am a2200469 i 4500
=001  016450546
=003  Uk
=005  20140108152447.0
=006  m\\\\||\\d\|\\\\\\
=007  cr\|||||||||||
=008  130711s2007\\\\enka\\\\ob\\\\0|0\0|eng\\
=FMT  \\$a  BK
=015  \\$aGBB404607$2bnb
=040  \\$aUk$beng$cUk$erda
=042  \\$aukblsr
=082  04$a363.73920941$223
=245  03$aAn Economic Analysis to inform the Air Quality Strategy :$bUpdated Third Report of the Interdepartmental Group on Costs and Benefits /$cDepartment for Environment, Food and Rural Affairs in partnership with the Scottish Executive, The National Assembly for Wales and the Department of the Environment for Northern Ireland.
=264  \1$aNorwich :$bTSO,$cJuly 2007.
=300  \\$a1 online resource (428 pages) :$billustrations (colour)
=336  \\$atext$2rdacontent
=337  \\$acomputer$2rdamedia
=338  \\$aonline resource$2rdacarrier
=500  \\$aPublisher's number: PB12637.
=504  \\$aIncludes bibliographical references.
=530  \\$aAlso issued in print format.
=588  \\$aDescription based on online resource; title from PDF title page (viewed on January 8, 2014).
=650  \0$aAir quality management$zGreat Britain.
=710  1\$aGreat Britain.$bDepartment for Environment, Food & Rural Affairs.
=710  1\$aScotland.$bScottish Executive.
=710  1\$aWales.$bNational Assembly.
=710  1\$aGreat Britain.$bDepartment of the Environment for Northern Ireland.
=856  40$uhttps://www.gov.uk/government/uploads/system/uploads/attachment_data/file/181878/pb12637-icgb.pdf.pdf
=859  \\$aELD$bebook
=852  41$aBritish Library$bHMNTS$jELD Digital store
=CAT  \\$a11384$b40$c20130711$lBLL01$h1552
=CAT  \\$a7332$b40$c20140108$lBLL01$h1524
=CAT  \\$aWR14.047$c20140417$lBLL01$h1646
=CAT  \\$aW1611-0868$c20161114$lBLL01$h1414
=CAT  \\$aW1711-1225$c20171203$lBLL01$h1053
=FIN  \\$aY$d20140108
=STA  \\$aSUPPRESSED$bunable to determine reason for suppression
=LAS  \\$aW1711-1225$b00$c20171203$lBLL01$h1053

