=LDR  01862 am a2200445 i 4500
=001  016450553
=003  Uk
=005  20140108150153.0
=006  m\\\\||\\d\|\\\\\\
=007  cr\|||||||||||
=008  130711s2005\\\\enk\\\\\o\\\\\0|0\0|eng\\
=FMT  \\$a  BK
=015  \\$aGBB404605$2bnb
=040  \\$aUk$beng$cUk$erda
=042  \\$aukblsr
=082  04$a363.72910942$223
=245  00$aAchieving improvements in street cleansing & related services.
=264  \1$aLondon :$bDepartment for Environment Food and Rural Affairs,$c[2005]
=300  \\$a1 online resource (44 pages) :$billustrations (colour)
=336  \\$atext$2rdacontent
=337  \\$acomputer$2rdamedia
=338  \\$aonline resource$2rdacarrier
=500  \\$aPublisher's number: PB 10971.
=530  \\$aAlso issued in print format
=588  \\$aDescription based on online resource; title from PDF title page (viewed on January 8, 2014).
=650  \0$aStreet cleaning$zEngland.
=650  \0$aRefuse and refuse disposal$zEngland.
=710  1\$aGreat Britain.$bDepartment for Environment, Food & Rural Affairs,$eissuing body.
=856  40$uhttps://www.gov.uk/government/uploads/system/uploads/attachment_data/file/181880/pb10971-street-clean.pdf.pdf
=859  \\$aELD$bebook
=852  41$aBritish Library$bHMNTS$jELD Digital store
=CAT  \\$a11384$b40$c20130711$lBLL01$h1600
=CAT  \\$a7332$b40$c20140108$lBLL01$h1501
=CAT  \\$aWR14.047$c20140417$lBLL01$h1646
=CAT  \\$aW1611-0868$c20161114$lBLL01$h1414
=CAT  \\$aW1711-1225$c20171203$lBLL01$h1053
=FIN  \\$aY$d20140108
=LKR  \\$aPAR$b013323742$lBLL01$r776$mAchieving improvements in street cleansing & related services.$nAchieving improvements in street cleansing & related services.
=STA  \\$aSUPPRESSED$bunable to determine reason for suppression
=LAS  \\$aW1711-1225$b00$c20171203$lBLL01$h1053

