=LDR  01551 am a2200421 i 4500
=001  016450949
=003  Uk
=005  20130730084941.0
=006  m\\\\||\\d\|\\\\\\
=007  cr\|||||||||||
=008  130712s2013\\\\enka\\\\o\\\\\0|0\0|eng\\
=FMT  \\$a  BK
=015  \\$aGBB365296$2bnb
=040  \\$aUk$beng$cUk$erda
=042  \\$aukblsr
=082  04$a332.63240941$223
=110  2\$aCB Richard Ellis,$eauthor.
=245  14$aThe evolving residential ground rent market.
=264  \1$a[London] :$bCBRE,$cSpring 2013.
=300  \\$a1 online resource (9 pages) :$billustrations (colour)
=336  \\$atext$2rdacontent
=337  \\$acomputer$2rdamedia
=338  \\$aonline resource$2rdacarrier
=588  \\$aDescription based on online resource; title from PDF cover page (viewed on July 30, 2013).
=650  \0$aReal estate investment$zGreat Britain.
=650  \0$aResidential real estate$zGreat Britain.
=650  \0$aRent (Economic theory)
=856  40$uhttp://portal.cbre.eu/portal/page/portal/RRP/ResearchReportPublicFiles/Evolving_Residential_Brochure_Spring_2013.pdf
=859  \\$aELD$bebook
=852  41$aBritish Library$bHMNTS$jELD Digital store
=CAT  \\$a12664$b40$c20130712$lBLL01$h1345
=CAT  \\$a8141$b40$c20130730$lBLL01$h0849
=CAT  \\$aWR14.047$c20140417$lBLL01$h1646
=CAT  \\$aW1611-0868$c20161114$lBLL01$h1414
=CAT  \\$aW1711-1225$c20171203$lBLL01$h1053
=FIN  \\$aY$d20130730
=STA  \\$aSUPPRESSED$bunable to determine reason for suppression
=LAS  \\$aW1711-1225$b00$c20171203$lBLL01$h1053

