=LDR  01612 am a2200421 i 4500
=001  016450956
=003  Uk
=005  20130729093850.0
=006  m\\\\||\\d\|\\\\\\
=007  cr\|||||||||||
=008  130712s2013\\\\enka\\\\o\\\\\0|0\0|eng\\
=FMT  \\$a  BK
=015  \\$aGBB365107$2bnb
=040  \\$aUk$beng$cUk$erda
=042  \\$aukblsr
=082  04$a363.78$223
=110  2\$aChartered Institute of Environmental Health.$bNational Pest Advisory Panel,$eauthor.
=245  10$aPest control procedures manual.$pCockroaches.
=246  13$aCockroaches
=264  \1$aLondon :$bChartered Institute of Environmental Health,$cApril 2013.
=300  \\$a1 online resource (22 pages, 2 unnumbered pages) :$billustrations (colour)
=336  \\$atext$2rdacontent
=337  \\$acomputer$2rdamedia
=338  \\$aonline resource$2rdacarrier
=588  \\$aDescription based on online resource; title from PDF cover page (viewed on July 29, 2013).
=650  \0$aCockroaches$xControl$vHandbooks,manuals, etc.
=710  2\$aChartered Institute of Environmental Health,$epublisher.
=856  40$uhttp://www.cieh.org/WorkArea/showcontent.aspx?id=47394
=859  \\$aELD$bebook
=852  41$aBritish Library$bHMNTS$jELD Digital store
=CAT  \\$a12664$b40$c20130712$lBLL01$h1350
=CAT  \\$a8141$b40$c20130729$lBLL01$h0938
=CAT  \\$aWR14.047$c20140417$lBLL01$h1646
=CAT  \\$aW1611-0868$c20161114$lBLL01$h1414
=CAT  \\$aW1711-1225$c20171203$lBLL01$h1053
=FIN  \\$aY$d20130729
=STA  \\$aSUPPRESSED$bunable to determine reason for suppression
=LAS  \\$aW1711-1225$b00$c20171203$lBLL01$h1053

