=LDR  01708 am a2200433 i 4500
=001  016450975
=003  Uk
=005  20161214151804.0
=006  m\\\\||\\d\|\\\\\\
=007  cr\|||||||||||
=008  130712s2013\\\\enka\\\\ob\\\|0|0\0|eng\\
=FMT  \\$a  BK
=015  \\$aGBB365132$2bnb
=040  \\$aUk$beng$cUk$dUk$erda
=042  \\$aukblsr
=082  04$a363.122650942674$223
=110  1\$aGreat Britain.$bRail Accident Investigation Branch,$eauthor.
=245  10$aDangerous occurrence involving track workers, near Roydon station, Essex 16 July 2012.
=264  \1$aDerby :$bRail Accident Investigation Branch, Department for Transport,$cJune 2013.
=300  \\$a1 online resource (34 pages) :$billustrations (colour).
=336  \\$atext$2rdacontent
=337  \\$acomputer$2rdamedia
=338  \\$aonline resource$2rdacarrier
=490  0\$aRail accident report ;$v07/2013
=504  \\$aIncludes bibliographical references.
=588  \\$aDescription based on online resource; title from PDF cover page (viewed on July 29, 2013).
=650  \0$aRailroad accidents$xInvestigation$zEngland$zEpping Forest.
=856  40$uhttp://www.raib.gov.uk/cms_resources/130627_R072013_Roydon.pdf
=859  \\$aELD$bebook
=852  41$aBritish Library$bHMNTS$jELD Digital store
=CAT  \\$a12664$b40$c20130712$lBLL01$h1407
=CAT  \\$a8141$b40$c20130729$lBLL01$h1204
=CAT  \\$aWR14.047$c20140417$lBLL01$h1646
=CAT  \\$aW1611-0868$c20161114$lBLL01$h1414
=CAT  \\$a8141$b40$c20161214$lBLL01$h1518
=CAT  \\$aW1711-1225$c20171203$lBLL01$h1053
=FIN  \\$aY$d20130729
=STA  \\$aSUPPRESSED$bunable to determine reason for suppression
=LAS  \\$aW1711-1225$b00$c20171203$lBLL01$h1053

