=LDR  01942 am a2200481 i 4500
=001  016450995
=003  Uk
=005  20130730113713.0
=006  m\\\\||\\d\|\\\\\\
=007  cr\|||||||||||
=008  130712s2013\\\\enkab\\\o\\\\\0|0\0|eng\\
=FMT  \\$a  BK
=015  \\$aGBB365150$2bnb
=040  \\$aUk$beng$cUk$erda
=042  \\$aukblsr
=082  04$a338.27282094754$223
=110  2\$aEconomist Intelligence Unit (Great Britain),$eauthor.
=245  14$aThe great game for gas in the Caspian :$bEurope opens the southern corridor /$ca report from The Economist Intelligence Unit.
=264  \1$aLondon :$bEconomist Intelligence Unit,$c2013.
=300  \\$a1 online resource (40 pages) :$billustrations (colour), maps (colour)
=336  \\$atext$2rdacontent
=337  \\$acomputer$2rdamedia
=338  \\$aonline resource$2rdacarrier
=500  \\$aIndustry briefing.
=588  \\$aDescription based on online resource; title from PDF cover page (viewed on July 29, 2013).
=650  \0$aOil fields$xEconomic aspects$zCaspian Sea Region.
=650  \0$aGas fields$xEconomic aspects$zCaspian Sea Region.
=650  \0$aOil pipelines$zCaspian Sea Region.
=650  \0$aNatural gas pipelines$zCaspian Sea Region.
=650  \0$aEnergy industries$zEurope.
=700  1\$aKiernan, Peter,$eeditor.
=856  40$uhttp://www.eiu.com/Handlers/WhitepaperHandler.ashx?fi=Caspian_gas_repot.pdf&mode=wp&campaignid=CaspianGas13
=859  \\$aELD$bebook
=852  41$aBritish Library$bHMNTS$jELD Digital store
=CAT  \\$a12664$b40$c20130712$lBLL01$h1424
=CAT  \\$a8141$b40$c20130729$lBLL01$h1401
=CAT  \\$a7332$b40$c20130730$lBLL01$h1137
=CAT  \\$aWR14.047$c20140417$lBLL01$h1646
=CAT  \\$aW1611-0868$c20161114$lBLL01$h1414
=CAT  \\$aW1711-1225$c20171203$lBLL01$h1053
=FIN  \\$aY$d20130729
=STA  \\$aSUPPRESSED$bunable to determine reason for suppression
=LAS  \\$aW1711-1225$b00$c20171203$lBLL01$h1053

