=LDR  01865 am a2200469 i 4500
=001  016451006
=003  Uk
=005  20130730082621.0
=006  m\\\\||\\d\|\\\\\\
=007  cr\|||||||||||
=008  130712s2013\\\\enka\\\\o\\\\\0|0\0|eng\\
=FMT  \\$a  BK
=015  \\$aGBB365293$2bnb
=040  \\$aUk$beng$cUk$erda
=042  \\$aukblsr
=082  04$a332.112$223
=110  2\$aEconomist Intelligence Unit (Great Britain),$eauthor.
=245  14$aThe end isn't nigh :$bCentral bank challenges as the era of cheap money enters a new phase /$ca special report from the Economist Intelligence Unit.
=264  \1$aLondon :$bEconomist Intelligence Unit,$c[2013]
=300  \\$a1 online resource (24 pages) :$billustrations (colour)
=336  \\$atext$2rdacontent
=337  \\$acomputer$2rdamedia
=338  \\$aonline resource$2rdacarrier
=588  \\$aDescription based on online resource; title from PDF cover page (viewed on July 30, 2013).
=650  \0$aMonetary policy$zUnited States.
=650  \0$aMonetary policy$zGreat Britain.
=650  \0$aMonetary policy$zJapan.
=650  \0$aMonetary policy$zEuropean Union countries.
=650  \0$aQuantitative easing (Monetary policy)
=650  \0$aBank liquidity.
=650  \0$aCapital markets.
=856  40$uhttp://www.eiu.com/Handlers/WhitepaperHandler.ashx?fi=Central_Bank_report_July2013.pdf&mode=wp&campaignid=Centralbankjul13
=859  \\$aELD$bebook
=852  41$aBritish Library$bHMNTS$jELD Digital store
=CAT  \\$a12664$b40$c20130712$lBLL01$h1431
=CAT  \\$a8141$b40$c20130730$lBLL01$h0826
=CAT  \\$aWR14.047$c20140417$lBLL01$h1646
=CAT  \\$aW1611-0868$c20161114$lBLL01$h1414
=CAT  \\$aW1711-1225$c20171203$lBLL01$h1053
=FIN  \\$aY$d20130730
=STA  \\$aSUPPRESSED$bunable to determine reason for suppression
=LAS  \\$aW1711-1225$b00$c20171203$lBLL01$h1053

