=LDR  01753 am a2200481 i 4500
=001  016452419
=003  Uk
=005  20130730112316.0
=006  m\\\\||\\d\|\\\\\\
=007  cr\|||||||||||
=008  130715s2013\\\\enk\\\\\ob\\\\0|0\0|eng\\
=FMT  \\$a  BK
=015  \\$aGBB365158$2bnb
=040  \\$aUk$beng$cUk$erda
=042  \\$aukblsr
=082  04$a338.4361510941$223
=100  1\$aArzymanow, Barbara,$eauthor.
=245  10$aValue-based pricing :$bthe wrong medicine for the nation? /$cBarbara Arzymanow, Julia Manning.
=264  \1$aLondon :$b2020health,$cMay 2013.
=300  \\$a1 online resource (11 pages)
=336  \\$atext$2rdacontent
=337  \\$acomputer$2rdamedia
=338  \\$aonline resource$2rdacarrier
=504  \\$aIncludes bibliographical references.
=588  \\$aDescription based on online resource; title from PDF cover page (viewed on July 29, 2013).
=650  \0$aDrugs$xPrices$zGreat Britain.
=650  \0$aValue.
=690  7\$aSocial Welfare$2blcoll
=700  1\$aManning, Julia,$d1968-$eauthor.
=710  2\$a2020health (Think tank),$epublisher.
=856  40$uhttp://www.2020health.org/dms/2020health/downloads/reports/VBPreport_6-5-13.pdf
=859  \\$aELD$bebook
=852  41$aBritish Library$bHMNTS$jELD Digital store
=CAT  \\$a12664$b40$c20130715$lBLL01$h1348
=CAT  \\$a12664$b40$c20130715$lBLL01$h1412
=CAT  \\$a8141$b40$c20130729$lBLL01$h1430
=CAT  \\$a7332$b40$c20130730$lBLL01$h1123
=CAT  \\$aWR14.047$c20140417$lBLL01$h1646
=CAT  \\$aW1611-0868$c20161114$lBLL01$h1414
=CAT  \\$aW1711-1225$c20171203$lBLL01$h1053
=FIN  \\$aY$d20130729
=STA  \\$aSUPPRESSED$bunable to determine reason for suppression
=LAS  \\$aW1711-1225$b00$c20171203$lBLL01$h1053

