=LDR  01775 am a2200457 i 4500
=001  016452435
=003  Uk
=005  20130730093720.0
=006  m\\\\||\\d\|\\\\\\
=007  cr\|||||||||||
=008  130715s2013\\\\enka\\\\o\\\\\0|0\0|eng\\
=FMT  \\$a  BK
=015  \\$aGBB365305$2bnb
=040  \\$aUk$beng$cUk$erda
=042  \\$aukblsr
=082  04$a339.470941021$223
=245  00$a2015 - the living standards election?
=264  \1$aLondon :$bResolution Foundaion,$c[2013?]
=300  \\$a1 online resource (41 pages) :$billustrations (colour)
=336  \\$atext$2rdacontent
=337  \\$acomputer$2rdamedia
=338  \\$aonline resource$2rdacarrier
=588  \\$aDescription based on online resource; title from PDF cover page (viewed on July 30, 2013).
=650  \0$aCost and standard of living$zPublic opinion$zGreat Britain$vStatistics.
=650  \0$aEconomic development$zGreat Britain$xPublic opinion$vStatistics.
=650  \0$aFinance, Public$zGreat Britain$xPublic opinion$vStatistics.
=650  \0$aPublic opinion$zGreat Britain.
=690  7\$aSocial Welfare$2blcoll
=710  2\$aResolution Foundation,$epublisher.
=856  40$uhttp://www.resolutionfoundation.org/media/media/downloads/2015_-_The_living_standards_election.pdf
=859  \\$aELD$bebook
=852  41$aBritish Library$bHMNTS$jELD Digital store
=CAT  \\$a12664$b40$c20130715$lBLL01$h1403
=CAT  \\$a12664$b40$c20130715$lBLL01$h1412
=CAT  \\$a8141$b40$c20130730$lBLL01$h0937
=CAT  \\$aWR14.047$c20140417$lBLL01$h1646
=CAT  \\$aW1611-0868$c20161114$lBLL01$h1414
=CAT  \\$aW1711-1225$c20171203$lBLL01$h1053
=FIN  \\$aY$d20130730
=STA  \\$aSUPPRESSED$bunable to determine reason for suppression
=LAS  \\$aW1711-1225$b00$c20171203$lBLL01$h1053

