=LDR  01744 am a2200457 i 4500
=001  016452453
=003  Uk
=005  20130730111604.0
=006  m\\\\||\\d\|\\\\\\
=007  cr\|||||||||||
=008  130715s2013\\\\enk\\\\\ob\\\\0|0\0|eng\\
=FMT  \\$a  BK
=015  \\$aGBB365321$2bnb
=040  \\$aUk$beng$cUk$erda
=042  \\$aukblsr
=082  04$a362.59230941$223
=110  2\$aShelter (Organization),$eauthor.
=245  10$aAccommodating homeless families under the benefit cap.
=264  \1$a[London] :$bShelter,$cMarch 2013.
=300  \\$a1 online resource (5 pages)
=336  \\$atext$2rdacontent
=337  \\$acomputer$2rdamedia
=338  \\$aonline resource$2rdacarrier
=504  \\$aIncludes bibliographical references.
=588  \\$aDescription based on online resource; title from PDF caption title (viewed on July 30, 2013).
=650  \0$aHomeless families$xHousing$zGreat Britain.
=650  \0$aHomeless families$xGovernment policy$zGreat Britain.
=650  \0$aRent subsidies$xGovernment policy$zGreat Britain.
=650  \0$aHomeless families$xServices for$zGreat Britain.
=690  7\$aSocial Welfare$2blcoll
=856  40$uhttp://england.shelter.org.uk/__data/assets/pdf_file/0006/645072/Homeless_families_and_the_benefit_cap_-_March.pdf
=859  \\$aELD$bebook
=852  41$aBritish Library$bHMNTS$jELD Digital store
=CAT  \\$a12664$b40$c20130715$lBLL01$h1415
=CAT  \\$a8141$b40$c20130730$lBLL01$h1116
=CAT  \\$aWR14.047$c20140417$lBLL01$h1646
=CAT  \\$aW1611-0868$c20161114$lBLL01$h1414
=CAT  \\$aW1711-1225$c20171203$lBLL01$h1053
=FIN  \\$aY$d20130730
=STA  \\$aSUPPRESSED$bunable to determine reason for suppression
=LAS  \\$aW1711-1225$b00$c20171203$lBLL01$h1053

