=LDR  02277 am a2200529 i 4500
=001  016452456
=003  Uk
=005  20130801104924.0
=006  m\\\\||\\d\|\\\\\\
=007  cr\|||||||||||
=008  130715s2013\\\\enka\\\\ob\\\\0|0\0|eng\\
=FMT  \\$a  BK
=015  \\$aGBB365334$2bnb
=040  \\$aUk$beng$cUk$erda
=042  \\$aukblsr
=082  04$a363.58209421$223
=100  1\$aCass, Natalie,$eauthor.
=245  14$aThe experiences of families claiming housing benefit during a time of cuts and changes to benefits :$ban interim report on behalf of Shelter /$cwritten by: Natalie Cass, Associate Director, GfK NOP Qualitative Social Research.
=246  13$aExperiences of households claiming housing benefit during a time of cuts and changes to benefits
=264  \1$aLondon :$bShelter,$cApril 2013.
=300  \\$a1 online resource (41 pages) :$billustrations (colour)
=336  \\$atext$2rdacontent
=337  \\$acomputer$2rdamedia
=338  \\$aonline resource$2rdacarrier
=504  \\$aIncludes bibliographical references.
=588  \\$aDescription based on online resource; title from PDF cover page (viewed on July 30, 2013).
=650  \0$aRent subsidies$zEngland$zLondon$xPublic opinion.
=650  \0$aRent subsidies$xGovernment policy$zGreat Britain.
=650  \0$aPublic welfare$zGreat Britain.
=650  \0$aFamilies$xHousing$zGreat Britain.
=650  \0$aFamilies$zEngland$zLondon$xAttitudes.
=650  \0$aPublic opinion$zEngland$zLondon.
=690  7\$aSocial Welfare$2blcoll
=710  2\$aShelter (Organization),$epublisher.
=856  40$uhttp://england.shelter.org.uk/__data/assets/pdf_file/0008/659960/The_experiences_of_families_claiming_LHA_report_April_2013.pdf
=859  \\$aELD$bebook
=852  41$aBritish Library$bHMNTS$jELD Digital store
=CAT  \\$a12664$b40$c20130715$lBLL01$h1419
=CAT  \\$a12664$b40$c20130715$lBLL01$h1421
=CAT  \\$a8141$b40$c20130730$lBLL01$h1243
=CAT  \\$a7332$b40$c20130801$lBLL01$h1049
=CAT  \\$aWR14.047$c20140417$lBLL01$h1646
=CAT  \\$aW1611-0868$c20161114$lBLL01$h1414
=CAT  \\$aW1711-1225$c20171203$lBLL01$h1053
=FIN  \\$aY$d20130730
=STA  \\$aSUPPRESSED$bunable to determine reason for suppression
=LAS  \\$aW1711-1225$b00$c20171203$lBLL01$h1053

