=LDR  01759 am a2200481 i 4500
=001  016452463
=003  Uk
=005  20130731073406.0
=006  m\\\\||\\d\|\\\\\\
=007  cr\|||||||||||
=008  130715s2013\\\\enka\\\\ob\\\\0|0\0|eng\\
=FMT  \\$a  BK
=015  \\$aGBB365349$2bnb
=040  \\$aUk$beng$cUk$erda
=042  \\$aukblsr
=082  04$a363.50942$223
=110  2\$aShelter (Organization),$eauthor.
=245  10$aGrowing up renting :$ba childhood spent in private rented homes.
=264  \1$aLondon :$bShelter,$cMay 2013.
=300  \\$a1 online resource (8 pages) :$billustrations (colour).
=336  \\$atext$2rdacontent
=337  \\$acomputer$2rdamedia
=338  \\$aonline resource$2rdacarrier
=490  0\$aCampaigns briefing
=504  \\$aIncludes bibliographical references.
=588  \\$aDescription based on online resource; title from PDF cover page (viewed on July 30, 2013).
=650  \0$aChildren$xHousing$zEngland.
=650  \0$aChildren$xHealth and hygiene$zGreat Britain.
=650  \0$aRental housing$zEngland.
=650  \0$aFamilies$xHousing$zEngland.
=690  7\$aSocial Welfare$2blcoll
=856  40$uhttp://england.shelter.org.uk/__data/assets/pdf_file/0005/656708/Growing_up_renting.pdf
=859  \\$aELD$bebook
=852  41$aBritish Library$bHMNTS$jELD Digital store
=CAT  \\$a12664$b40$c20130715$lBLL01$h1422
=CAT  \\$a8141$b40$c20130730$lBLL01$h1416
=CAT  \\$a8141$b40$c20130731$lBLL01$h0734
=CAT  \\$aWR14.047$c20140417$lBLL01$h1646
=CAT  \\$aW1611-0868$c20161114$lBLL01$h1414
=CAT  \\$aW1711-1225$c20171203$lBLL01$h1053
=FIN  \\$aY$d20130730
=STA  \\$aSUPPRESSED$bunable to determine reason for suppression
=LAS  \\$aW1711-1225$b00$c20171203$lBLL01$h1053

