=LDR  01862 am a2200481 i 4500
=001  016452467
=003  Uk
=005  20130731080405.0
=006  m\\\\||\\d\|\\\\\\
=007  cr\|||||||||||
=008  130715s2013\\\\enka\\\\ob\\\\0|0\0|eng\\
=FMT  \\$a  BK
=015  \\$aGBB367080$2bnb
=040  \\$aUk$beng$cUk$erda
=042  \\$aukblsr
=082  04$a363.50942$223
=110  2\$aShelter (Organization),$eauthor.
=245  10$aLittle boxes, fewer homes :$bsetting housing space standards will get more homes built.
=264  \1$aLondon :$bShelter,$cApril 2013.
=300  \\$a1 online resource (8 pages) :$billustrations (colour).
=336  \\$atext$2rdacontent
=337  \\$acomputer$2rdamedia
=338  \\$aonline resource$2rdacarrier
=490  1\$aPolicy briefing
=504  \\$aIncludes bibliographical references.
=588  \\$aDescription based on online resource; title from PDF cover page (viewed on July 31, 2013).
=650  \0$aDwellings$xDesign and construction$xStandards$zEngland.
=650  \0$aDwellings$zEngland$xDesign and construction$xPublic opinion.
=650  \0$aHousing development$zEngland.
=650  \0$aHousing development$zEngland$xPublic opinion.
=690  7\$aSocial Welfare$2blcoll
=830  \0$aPolicy briefing (Shelter (Organization))
=856  40$uhttp://england.shelter.org.uk/__data/assets/pdf_file/0011/652736/Shelter_Little_Boxes_v4.pdf
=859  \\$aELD$bebook
=852  41$aBritish Library$bHMNTS$jELD Digital store
=CAT  \\$a12664$b40$c20130715$lBLL01$h1424
=CAT  \\$a8141$b40$c20130731$lBLL01$h0804
=CAT  \\$aWR14.047$c20140417$lBLL01$h1646
=CAT  \\$aW1611-0868$c20161114$lBLL01$h1414
=CAT  \\$aW1711-1225$c20171203$lBLL01$h1053
=FIN  \\$aY$d20130731
=STA  \\$aSUPPRESSED$bunable to determine reason for suppression
=LAS  \\$aW1711-1225$b00$c20171203$lBLL01$h1053

