=LDR  01657 am a2200445 i 4500
=001  016452469
=003  Uk
=005  20130731083604.0
=006  m\\\\||\\d\|\\\\\\
=007  cr\|||||||||||
=008  130715s2013\\\\enk\\\\\o\\\\\0|0\0|eng\\
=FMT  \\$a  BK
=015  \\$aGBB367083$2bnb
=040  \\$aUk$beng$cUk$erda
=042  \\$aukblsr
=082  04$a363.5820941$223
=110  2\$aShelter (Organization),$eauthor.
=245  10$aWhat's wrong with the bedroom tax?
=264  \1$a[London] :$bShelter,$cApril 2013.
=300  \\$a1 online resource (4 pages)
=336  \\$atext$2rdacontent
=337  \\$acomputer$2rdamedia
=338  \\$aonline resource$2rdacarrier
=588  \\$aDescription based on online resource; title from PDF caption title (viewed on July 31, 2013).
=650  \0$aRent subsidies$xGovernment policy$zGreat Britain.
=650  \0$aPublic housing$xGovernment policy$zGreat Britain.
=650  \0$aPeople with disabilities$xHousing$zGreat Britain.
=690  7\$aSocial Welfare$2blcoll
=856  40$uhttp://england.shelter.org.uk/__data/assets/pdf_file/0020/650630/Bedroom_tax_-_Shelter_briefing_March_2013.pdf
=859  \\$aELD$bebook
=852  41$aBritish Library$bHMNTS$jELD Digital store
=CAT  \\$a12664$b40$c20130715$lBLL01$h1425
=CAT  \\$a12664$b40$c20130715$lBLL01$h1447
=CAT  \\$a8141$b40$c20130731$lBLL01$h0836
=CAT  \\$aWR14.047$c20140417$lBLL01$h1646
=CAT  \\$aW1611-0868$c20161114$lBLL01$h1414
=CAT  \\$aW1711-1225$c20171203$lBLL01$h1053
=FIN  \\$aY$d20130731
=STA  \\$aSUPPRESSED$bunable to determine reason for suppression
=LAS  \\$aW1711-1225$b00$c20171203$lBLL01$h1053

