=LDR  01982 am a2200517 i 4500
=001  016452482
=003  Uk
=005  20130801103747.0
=006  m\\\\||\\d\|\\\\\\
=007  cr\|||||||||||
=008  130715s2013\\\\enk\\\\\ob\\\\0|0\0|eng\\
=FMT  \\$a  BK
=015  \\$aGBB367097$2bnb
=040  \\$aUk$beng$cUk$erda
=042  \\$aukblsr
=082  04$a330.1260941$223
=100  1\$aCorrie, Cathy,$eauthor.
=245  10$aSeismic shifts in the welfare state :$bdemographic trends and pension and NHS reform /$cCathy Corrie and Patrick Nolan.
=264  \1$a[London] :$bReform,$cMay 2013.
=300  \\$a1 online resource (20 pages).
=336  \\$atext$2rdacontent
=337  \\$acomputer$2rdamedia
=338  \\$aonline resource$2rdacarrier
=490  0\$aReform ideas ;$vno. 4
=504  \\$aIncludes bibliographical references.
=588  \\$aDescription based on online resource; title from PDF caption title (viewed on July 31, 2013).
=650  \0$aPublic welfare$zGreat Britain.
=650  \0$aPublic welfare$xEconomic aspects$zGreat Britain.
=650  \0$aMeans test$zGreat Britain.
=650  \0$aNational health services$zGreat Britain$xFinance.
=690  7\$aSocial Welfare$2blcoll
=700  1\$aNolan, Patrick$c(Economist),$eauthor.
=710  2\$aReform (Think tank: Great Britain),$epublisher.
=856  40$uhttp://www.reform.co.uk/resources/0000/0750/Seismic_shifts_in_the_welfare_state.pdf
=859  \\$aELD$bebook
=852  41$aBritish Library$bHMNTS$jELD Digital store
=CAT  \\$a12664$b40$c20130715$lBLL01$h1447
=CAT  \\$a8141$b40$c20130731$lBLL01$h0940
=CAT  \\$a8141$b40$c20130731$lBLL01$h1025
=CAT  \\$a7332$b40$c20130801$lBLL01$h1037
=CAT  \\$aWR14.047$c20140417$lBLL01$h1646
=CAT  \\$aW1611-0868$c20161114$lBLL01$h1414
=CAT  \\$aW1711-1225$c20171203$lBLL01$h1053
=FIN  \\$aY$d20130731
=STA  \\$aSUPPRESSED$bunable to determine reason for suppression
=LAS  \\$aW1711-1225$b00$c20171203$lBLL01$h1053

