=LDR  01777 am a2200445 i 4500
=001  016452487
=003  Uk
=005  20130731104651.0
=006  m\\\\||\\d\|\\\\\\
=007  cr\|||||||||||
=008  130715s2013\\\\enkab\\\ob\\\\0|0\0|eng\\
=FMT  \\$a  BK
=015  \\$aGBB367111$2bnb
=020  \\$z9781905730964
=040  \\$aUk$beng$cUk$erda
=042  \\$aukblsr
=082  04$a379.54552$223
=100  1\$aBarber, Michael,$d1955-$eauthor.
=245  14$aThe good news from Pakistan :$bhow a revolutionary new approach to education reform in Punjab shows the way forward for Pakistan and development aid everywhere /$cSir Michael Barber.
=264  \1$aLondon :$bReform,$cMarch 2013.
=300  \\$a1 online resource (80 pages) :$billustrations (black and white), maps (black and white)
=336  \\$atext$2rdacontent
=337  \\$acomputer$2rdamedia
=338  \\$aonline resource$2rdacarrier
=504  \\$aIncludes bibliographical references.
=588  \\$aDescription based on online resource; title from PDF title page (viewed on July 31, 2013).
=650  \0$aEducational change$zIndia$zPunjab.
=690  7\$aSocial Welfare$2blcoll
=710  2\$aReform (Think tank: Great Britain),$epublisher.
=856  40$uhttp://www.reform.co.uk/resources/0000/0688/The_good_news_from_Pakistan_final.pdf
=859  \\$aELD$bebook
=852  41$aBritish Library$bHMNTS$jELD Digital store
=CAT  \\$a12664$b40$c20130715$lBLL01$h1450
=CAT  \\$a8141$b40$c20130731$lBLL01$h1046
=CAT  \\$aWR14.047$c20140417$lBLL01$h1646
=CAT  \\$aW1611-0868$c20161114$lBLL01$h1414
=CAT  \\$aW1711-1225$c20171203$lBLL01$h1053
=FIN  \\$aY$d20130731
=STA  \\$aSUPPRESSED$bunable to determine reason for suppression
=LAS  \\$aW1711-1225$b00$c20171203$lBLL01$h1053

