=LDR  01870 am a2200493 i 4500
=001  016452489
=003  Uk
=005  20130731110744.0
=006  m\\\\||\\d\|\\\\\\
=007  cr\|||||||||||
=008  130715s2013\\\\stk\\\\\ob\\\\0|0\0|eng\\
=FMT  \\$a  BK
=015  \\$aGBB367116$2bnb
=020  \\$z9780108882715 (paperback)
=040  \\$aUk$beng$cUk$erda
=042  \\$aukblsr
=082  04$a346.411078$223
=110  2\$aScottish Law Commission,$eauthor.
=245  10$aReport on the consolidation of bankruptcy legislation in Scotland.
=264  \1$a[Edinburgh] :$bScottish Law Commission,$cmay 2013.
=300  \\$a1 online resource (viii, 243 pages).
=336  \\$atext$2rdacontent
=337  \\$acomputer$2rdamedia
=338  \\$aonline resource$2rdacarrier
=490  0\$aSCOT LAW COM ;$vno 232
=500  \\$a"SG/2013/43."
=500  \\$a"Laid before the Scottish Parliament by the Scottish Ministers."
=504  \\$aIncludes bibliographical references.
=530  \\$aAlso issued in print format.
=588  \\$aDescription based on online resource; title from PDF title page (viewed on July 31, 2013).
=650  \0$aBankruptcy$xLaw and legislation$zScotland.
=690  7\$aSocial Welfare$2blcoll
=856  40$uhttp://www.scotlawcom.gov.uk/files/7113/6853/1202/Report_on_the_Consolidation_of_Bankruptcy_Legislation_in_Scotland.pdf
=859  \\$aELD$bebook
=852  41$aBritish Library$bHMNTS$jELD Digital store
=CAT  \\$a12664$b40$c20130715$lBLL01$h1454
=CAT  \\$a12664$b40$c20130715$lBLL01$h1455
=CAT  \\$a8141$b40$c20130731$lBLL01$h1107
=CAT  \\$aWR14.047$c20140417$lBLL01$h1646
=CAT  \\$aW1611-0868$c20161114$lBLL01$h1414
=CAT  \\$aW1711-1225$c20171203$lBLL01$h1053
=FIN  \\$aY$d20130731
=STA  \\$aSUPPRESSED$bunable to determine reason for suppression
=LAS  \\$aW1711-1225$b00$c20171203$lBLL01$h1053

