=LDR  01448 am a2200409 i 4500
=001  016452873
=003  Uk
=005  20140821141139.0
=006  m\\\\||\\d\|\\\\\\
=007  cr\|||||||||||
=008  130716s2012\\\\enk||||\o\\\\o0||\0|eng\\
=FMT  \\$a  BK
=015  \\$aGBB489160$2bnb
=040  \\$aUk$beng$cUk$erda
=042  \\$aukblsr
=082  04$a345.4105$223
=110  1\$aGreat Britain.$bParole Board for England and Wales,$eauthor.
=245  10$aGuidance to Members on LAPSO (2012).
=264  \1$a[London] :$bThe Parole board for England and Wales,$cDecember 2012.
=300  \\$a1 online resource (22 pages)
=336  \\$atext$2rdacontent
=337  \\$acomputer$2rdamedia
=338  \\$aonline resource$2rdacarrier
=650  \0$aSentences (Criminal procedure)$zGreat Britain.
=690  7\$aSocial Welfare$2blcoll
=856  40$uhttp://www.justice.gov.uk/downloads/offenders/parole-board/guidance-on-laspo.pdf
=859  \\$aELD$bebook
=852  41$aBritish Library$bHMNTS$jELD Digital store
=CAT  \\$aWORKPLACE2$b40$c20130716$lBLL01$h1347
=CAT  \\$a12664$b40$c20130717$lBLL01$h0848
=CAT  \\$aWR14.047$c20140417$lBLL01$h1646
=CAT  \\$a11281$b40$c20140821$lBLL01$h1411
=CAT  \\$aW1611-0868$c20161114$lBLL01$h1414
=CAT  \\$aW1711-1225$c20171203$lBLL01$h1053
=FIN  \\$aY$d20140821
=STA  \\$aSUPPRESSED$bunable to determine reason for suppression
=LAS  \\$aW1711-1225$b00$c20171203$lBLL01$h1053

