=LDR  01656 am a2200433 i 4500
=001  016452903
=003  Uk
=005  20130731114503.0
=006  m\\\\||\\d\|\\\\\\
=007  cr\|||||||||||
=008  130716s2013\\\\enk\\\\\ob\\\|0|0\0|eng\\
=FMT  \\$a  BK
=015  \\$aGBB367121$2bnb
=040  \\$aUk$beng$cUk$erda
=042  \\$aukblsr
=082  04$a353.40941$223
=110  1\$aGreat Britain.$bMinistry of Justice,$eauthor.
=245  10$aCriminal Cases Review Commission :$btriennial review : combined report on stages one and two.
=264  \1$a[London] :$bMinistry of Justice,$cJune 2013.
=300  \\$a1 online resource (45 pages)
=336  \\$atext$2rdacontent
=337  \\$acomputer$2rdamedia
=338  \\$aonline resource$2rdacarrier
=504  \\$aIncludes bibliographical references.
=588  \\$aDescription based on online resource; title from PDF cover page (viewed on July 31, 2013).
=610  10$aGreat Britain.$bCriminal Cases Review Commission$xEvaluation.
=690  7\$aSocial Welfare$2blcoll
=856  40$uhttp://www.justice.gov.uk/downloads/about/criminal-cases-review/ccrc-triennial-review.pdf
=859  \\$aELD$bebook
=852  41$aBritish Library$bHMNTS$jELD Digital store
=CAT  \\$aWORKPLACE2$b40$c20130716$lBLL01$h1409
=CAT  \\$aWORKPLACE2$b40$c20130716$lBLL01$h1447
=CAT  \\$a8141$b40$c20130731$lBLL01$h1145
=CAT  \\$aWR14.047$c20140417$lBLL01$h1646
=CAT  \\$aW1611-0868$c20161114$lBLL01$h1414
=CAT  \\$aW1711-1225$c20171203$lBLL01$h1053
=FIN  \\$aY$d20130731
=STA  \\$aSUPPRESSED$bunable to determine reason for suppression
=LAS  \\$aW1711-1225$b00$c20171203$lBLL01$h1053

