=LDR  01650 am a22004453i 4500
=001  016452963
=003  Uk
=005  20130911081623.0
=006  m\\\\||\\d\|\\\\\\
=007  cr\|||||||||||
=008  130716s2013\\\\enk\\\\\o\\\\\0|0\0|eng\\
=FMT  \\$a  BK
=015  \\$aGBB367130$2bnb
=040  \\$aUk$beng$cUk$erda
=042  \\$aukblsr
=082  04$a172.20942$223
=245  00$aPublic Defender Service :$bCode of Conduct.
=264  \1$a[Great Britain] :$bLegal Aid Agency,$c[2013?]
=300  \\$a1 online resource (7 pages)
=336  \\$atext$2rdacontent
=337  \\$acomputer$2rdamedia
=338  \\$aonline resource$2rdacarrier
=588  \\$aDescription based on online resource; title from PDF cover page (viewed on July 31, 2013).
=610  10$aGreat Britain.$bLegal Aid Agency$xOfficials and employees.
=650  \0$aPublic defenders$xProfessional ethics$zEngland.
=650  \0$aPublic defenders$xProfessional ethics$zWales.
=690  7\$aSocial Welfare$2blcoll
=710  1\$aGreat Britain.$bLegal Aid Agency,$epublisher.
=856  40$uhttp://www.justice.gov.uk/downloads/legal-aid/pds-code-of-conduct.pdf
=859  \\$aELD$bebook
=852  41$aBritish Library$bHMNTS$jELD Digital store
=CAT  \\$aWORKPLACE2$b40$c20130716$lBLL01$h1516
=CAT  \\$a8141$b40$c20130731$lBLL01$h1251
=CAT  \\$a7332$b40$c20130911$lBLL01$h0816
=CAT  \\$aWR14.047$c20140417$lBLL01$h1646
=CAT  \\$aW1611-0868$c20161114$lBLL01$h1414
=CAT  \\$aW1711-1225$c20171203$lBLL01$h1053
=FIN  \\$aY$d20130731
=STA  \\$aSUPPRESSED$bunable to determine reason for suppression
=LAS  \\$aW1711-1225$b00$c20171203$lBLL01$h1053

