=LDR  01828 am a2200493 i 4500
=001  016452991
=003  Uk
=005  20130808114658.0
=006  m\\\\||\\d\|\\\\\\
=007  cr\|||||||||||
=008  130716s2013\\\\enk\\\\\ob\\\\0|0\0|eng\\
=FMT  \\$a  BK
=015  \\$aGBB367144$2bnb
=040  \\$aUk$beng$cUk$erda
=042  \\$aukblsr
=082  04$a346.420166$223
=245  04$aThe price of separation :$bdivorce related legal complaints and their causes.
=264  \1$aWolverhampton :$bLegal Ombudsman,$c[2013?]
=300  \\$a1 online resource (20 pages)
=336  \\$atext$2rdacontent
=337  \\$acomputer$2rdamedia
=338  \\$aonline resource$2rdacarrier
=504  \\$aIncludes bibliographical references.
=588  \\$aDescription based on online resource; title from PDF cover page (viewed on July 31, 2013).
=650  \0$aDivorce mediation$zEngland.
=650  \0$aDivorce mediation$zWales.
=650  \0$aDivorce$zEngland$xCosts.
=650  \0$aDivorce$zWales$xCosts.
=650  \0$aDivorce$zEngland$vCase studies.
=650  \0$aDivorce$zWales$vCase studies.
=690  7\$aSocial Welfare$2blcoll
=710  2\$aLegal Ombudsman (Organisation),$epublisher.
=856  40$uhttp://www.legalombudsman.org.uk/downloads/documents/publications/The-price-of-separation-LeO-report.pdf
=859  \\$aELD$bebook
=852  41$aBritish Library$bHMNTS$jELD Digital store
=CAT  \\$aWORKPLACE2$b40$c20130716$lBLL01$h1551
=CAT  \\$a8141$b40$c20130731$lBLL01$h1436
=CAT  \\$a7332$b40$c20130808$lBLL01$h1146
=CAT  \\$aWR14.047$c20140417$lBLL01$h1646
=CAT  \\$aW1611-0868$c20161114$lBLL01$h1414
=CAT  \\$aW1711-1225$c20171203$lBLL01$h1053
=FIN  \\$aY$d20130731
=STA  \\$aSUPPRESSED$bunable to determine reason for suppression
=LAS  \\$aW1711-1225$b00$c20171203$lBLL01$h1053

