=LDR  01821 am a2200493 i 4500
=001  016453002
=003  Uk
=005  20130731150156.0
=006  m\\\\||\\d\|\\\\\\
=007  cr\|||||||||||
=008  130716s2012\\\\enk\\\\\ob\\\\0|0\0|eng\\
=FMT  \\$a  BK
=015  \\$aGBB367148$2bnb
=040  \\$aUk$beng$cUk$erda
=042  \\$aukblsr
=082  04$a346.420438$223
=110  2\$aLegal Ombudsman,$eauthor.
=245  10$aLosing the plot :$bresidential conveyancing complaints and their causes.
=246  13$aResidential conveyancing complaints and their causes
=264  \1$aWolverhampton :$bLegal Ombudsman,$c[2012?]
=300  \\$a1 online resource (19 pages)
=336  \\$atext$2rdacontent
=337  \\$acomputer$2rdamedia
=338  \\$aonline resource$2rdacarrier
=504  \\$aIncludes bibliographical references.
=588  \\$aDescription based on online resource; title from PDF cover page (viewed on July 31, 2013).
=650  \0$aConveyancing$zEngland.
=650  \0$aConveyancing$zWales.
=650  \0$aConveyancing$zEngland$vCase studies.
=650  \0$aConveyancing$zWales$vCase studies.
=650  \0$aLawyers$zEngland$xDiscipline.
=650  \0$aLawyers$zWales$xDiscipline.
=690  7\$aSocial Welfare$2blcoll
=856  40$uhttp://www.legalombudsman.org.uk/downloads/documents/publications/Conveyancing-Report.pdf
=859  \\$aELD$bebook
=852  41$aBritish Library$bHMNTS$jELD Digital store
=CAT  \\$aWORKPLACE2$b40$c20130716$lBLL01$h1600
=CAT  \\$a8141$b40$c20130731$lBLL01$h1501
=CAT  \\$aWR14.047$c20140417$lBLL01$h1646
=CAT  \\$aW1611-0868$c20161114$lBLL01$h1414
=CAT  \\$aW1711-1225$c20171203$lBLL01$h1053
=FIN  \\$aY$d20130731
=STA  \\$aSUPPRESSED$bunable to determine reason for suppression
=LAS  \\$aW1711-1225$b00$c20171203$lBLL01$h1053

