=LDR  01705 am a2200469 i 4500
=001  016453012
=003  Uk
=005  20130802074805.0
=006  m\\\\||\\d\|\\\\\\
=007  cr\|||||||||||
=008  130716s2013\\\\enk\\\\\ob\\\\0|0\0|eng\\
=FMT  \\$a  BK
=015  \\$aGBB368391$2bnb
=040  \\$aUk$beng$cUk$erda
=042  \\$aukblsr
=082  04$a347.4105041$223
=110  2\$aLegal Ombudsman,$eauthor.
=245  10$aHow to complain to your lawyer :$bbe clear, be bold, be fair.
=264  \1$aWolverhampton :$bLegal Ombudsman,$c[2013?]
=300  \\$a1 online resource (9 pages)
=336  \\$atext$2rdacontent
=337  \\$acomputer$2rdamedia
=338  \\$aonline resource$2rdacarrier
=504  \\$aIncludes bibliographical references.
=588  \\$aDescription based on online resource; title from PDF cover page (viewed on August 2, 2013).
=650  \0$aLawyers$xMalpractice$zEngland.
=650  \0$aLawyers$xMalpractice$zWales.
=650  \0$aLawyers$xDiscipline.
=650  \0$aConsumer complaints$zEngland.
=650  \0$aConsumer complaints$zWales.
=690  7\$aSocial Welfare$2blcoll
=856  40$uhttp://www.legalombudsman.org.uk/downloads/documents/publications/How-To-Complain-To-Your-Lawyer-BW.pdf
=859  \\$aELD$bebook
=852  41$aBritish Library$bHMNTS$jELD Digital store
=CAT  \\$aWORKPLACE2$b40$c20130716$lBLL01$h1612
=CAT  \\$a8141$b40$c20130802$lBLL01$h0748
=CAT  \\$aWR14.047$c20140417$lBLL01$h1646
=CAT  \\$aW1611-0868$c20161114$lBLL01$h1414
=CAT  \\$aW1711-1225$c20171203$lBLL01$h1053
=FIN  \\$aY$d20130802
=STA  \\$aSUPPRESSED$bunable to determine reason for suppression
=LAS  \\$aW1711-1225$b00$c20171203$lBLL01$h1053

