=LDR  01474 am a2200421 i 4500
=001  016454703
=003  Uk
=005  20130731144557.0
=006  m\\\\||\\d\|\\\\\\
=007  cr\|||||||||||
=008  130717s2012\\\\enk\\\\\o\\\\\0|0\0|eng\\
=FMT  \\$a  BK
=015  \\$aGBB367146$2bnb
=040  \\$aUk$beng$cUk$erda
=042  \\$aukblsr
=082  04$a347.42057$223
=110  2\$aLegal Ombudsman,$eauthor.
=245  10$aTen questions to ask your lawyer about costs.
=264  \1$aWolverhampton :$bLegal Ombudsman,$c[2012?]
=300  \\$a1 online resource (13 pages)
=336  \\$atext$2rdacontent
=337  \\$acomputer$2rdamedia
=338  \\$aonline resource$2rdacarrier
=588  \\$aDescription based on online resource; title from PDF cover page (viewed on July 31, 2013).
=650  \0$aLawyers$xFees$zEngland.
=650  \0$aLawyers$xFees$zWales.
=690  7\$aSocial Welfare$2blcoll
=856  40$uhttp://www.legalombudsman.org.uk/downloads/documents/publications/consume-Guide-Costs.pdf
=859  \\$aELD$bebook
=852  41$aBritish Library$bHMNTS$jELD Digital store
=CAT  \\$a12664$b40$c20130717$lBLL01$h0926
=CAT  \\$a8141$b40$c20130731$lBLL01$h1445
=CAT  \\$aWR14.047$c20140417$lBLL01$h1646
=CAT  \\$aW1611-0868$c20161114$lBLL01$h1414
=CAT  \\$aW1711-1225$c20171203$lBLL01$h1053
=FIN  \\$aY$d20130731
=STA  \\$aSUPPRESSED$bunable to determine reason for suppression
=LAS  \\$aW1711-1225$b00$c20171203$lBLL01$h1053

