=LDR  02006 am a2200505 i 4500
=001  016454717
=003  Uk
=005  20130807151109.0
=006  m\\\\||\\d\|\\\\\\
=007  cr\|||||||||||
=008  130717s2013\\\\enka\\\\ob\\\\0|0\0|eng\\
=FMT  \\$a  BK
=015  \\$aGBB368404$2bnb
=040  \\$aUk$beng$cUk$erda
=042  \\$aukblsr
=082  04$a418.408340942$223
=100  1\$aJerrim, John,$eauthor.
=245  14$aThe reading gap :$bthe socio-economic gap in children's reading skills : a cross-national comparison using PISA 2009 /$cJohn Jerrim.
=264  \1$a[London] :$bSutton Trust,$cJuly 2013.
=300  \\$a1 online resource (11 pages) :$billustrations (colour)
=336  \\$atext$2rdacontent
=337  \\$acomputer$2rdamedia
=338  \\$aonline resource$2rdacarrier
=504  \\$aIncludes bibliographical references.
=588  \\$aDescription based on online resource; title from PDF cover page (viewed on August 2, 2013).
=650  \0$aReading$xAbility testing$zEngland.
=650  \0$aReading$xAbility testing$zOECD countries.
=650  \0$aBoys$zEngland$xSocial conditions$y21st century.
=650  \0$aGirls$zEngland$xSocial conditions$y21st century.
=650  \0$aBoys$zEngland$xEconomic conditions$y21st century.
=650  \0$aGirls$zEngland$xEconomic conditions$y21st century.
=690  7\$aSocial Welfare$2blcoll
=710  2\$aSutton Trust (Organization),$epublisher.
=856  40$uhttp://www.suttontrust.com/public/documents/readinggap.pdf
=859  \\$aELD$bebook
=852  41$aBritish Library$bHMNTS$jELD Digital store
=CAT  \\$a12664$b40$c20130717$lBLL01$h0945
=CAT  \\$a8141$b40$c20130802$lBLL01$h0946
=CAT  \\$a7332$b40$c20130807$lBLL01$h1511
=CAT  \\$aWR14.047$c20140417$lBLL01$h1646
=CAT  \\$aW1611-0868$c20161114$lBLL01$h1414
=CAT  \\$aW1711-1225$c20171203$lBLL01$h1053
=FIN  \\$aY$d20130802
=STA  \\$aSUPPRESSED$bunable to determine reason for suppression
=LAS  \\$aW1711-1225$b00$c20171203$lBLL01$h1053

