=LDR  02124 am a2200541 i 4500
=001  016454898
=003  Uk
=005  20130802144459.0
=006  m\\\\||\\d\|\\\\\\
=007  cr\|||||||||||
=008  130717s2013\\\\enk\\\\\ob\\\\0|0\0|eng\\
=FMT  \\$a  BK
=015  \\$aGBB368452$2bnb
=040  \\$aUk$beng$cUk$erda
=042  \\$aukblsr
=082  04$a658.314$223
=110  2\$aManchester Business School,$eauthor.
=245  10$aHow to achieve and sustain outstanding levels of performance.$nVolume 4,$pSucceeding through the talent of people :$breport for the British Quality Foundation (BQF) /$cby Manchester Business School (MBS).
=246  13$aSucceeding through the talent of people
=264  \1$aLondon :$bBritish Quality Foundation,$c[2013?]
=300  \\$a1 online resource (35 pages)
=336  \\$atext$2rdacontent
=337  \\$acomputer$2rdamedia
=338  \\$aonline resource$2rdacarrier
=500  \\$a"February 2013."
=504  \\$aIncludes bibliographical references.
=588  \\$aDescription based on online resource; title from PDF cover page (viewed on August 2, 2013).
=650  \0$aEmployee motivation.
=650  \0$aEmployee motivation$vCase studies.
=650  \0$aJob satisfaction.
=650  \0$aCreative ability in business$xManagement.
=650  \0$aCreative ability in business$xManagement$vCase studies.
=650  \0$aCorporate image.
=650  \0$aCorporate image$vCase studies.
=650  \0$aOrganizational effectiveness.
=710  2\$aBritish Quality Foundation,$epublisher.
=856  40$uhttp://www.bqf.org.uk/news/excellence-research-2013/people
=859  \\$aELD$bebook
=852  41$aBritish Library$bHMNTS$jELD Digital store
=CAT  \\$a12664$b40$c20130717$lBLL01$h1341
=CAT  \\$a12664$b40$c20130717$lBLL01$h1346
=CAT  \\$a8141$b40$c20130802$lBLL01$h1444
=CAT  \\$aWR14.047$c20140417$lBLL01$h1646
=CAT  \\$aW1611-0868$c20161114$lBLL01$h1414
=CAT  \\$aW1711-1225$c20171203$lBLL01$h1053
=FIN  \\$aY$d20130802
=STA  \\$aSUPPRESSED$bunable to determine reason for suppression
=LAS  \\$aW1711-1225$b00$c20171203$lBLL01$h1053

