=LDR  01836 am a2200469 i 4500
=001  016454907
=003  Uk
=005  20130807135440.0
=006  m\\\\||\\d\|\\\\\\
=007  cr\|||||||||||
=008  130717s2013\\\\enk\\\\\o\\\\|0|0\0|eng\\
=FMT  \\$a  BK
=015  \\$aGBB368425$2bnb
=020  \\$z9781781535943
=040  \\$aUk$beng$cUk$erda
=042  \\$aukblsr
=082  04$a331.590941021$223
=100  1\$aCole, Liz$c(Researcher),$eauthor.
=245  12$aA survey of disabled working age benefit claimants /$cLiz Cole.
=264  \1$a[London] :$bDepartment for Work and Pensions,$cJuly 2013.
=300  \\$a1 online resource (53 pages).
=336  \\$atext$2rdacontent
=337  \\$acomputer$2rdamedia
=338  \\$aonline resource$2rdacarrier
=490  0\$aIn house research report ;$vNo 16
=588  \\$aDescription based on online resource; title from PDF cover page (viewed on August 2, 2013).
=650  \0$aPeople with disabilities$xEmployment$zGreat Britain$vStatistics.
=650  \0$aPeople with disabilities$xEmployment$xServices for$zGreat Britain$vStatistics.
=650  \0$aSocial security beneficiaries$zGreat Britain$vStatistics.
=856  40$uhttps://www.gov.uk/government/uploads/system/uploads/attachment_data/file/224543/ihr_16_v2.pdf
=859  \\$aELD$bebook
=852  41$aBritish Library$bHMNTS$jELD Digital store
=CAT  \\$a12664$b40$c20130717$lBLL01$h1347
=CAT  \\$a12664$b40$c20130717$lBLL01$h1401
=CAT  \\$a8141$b40$c20130802$lBLL01$h1256
=CAT  \\$a7332$b40$c20130807$lBLL01$h1354
=CAT  \\$aWR14.047$c20140417$lBLL01$h1646
=CAT  \\$aW1611-0868$c20161114$lBLL01$h1414
=CAT  \\$aW1711-1225$c20171203$lBLL01$h1053
=FIN  \\$aY$d20130802
=STA  \\$aSUPPRESSED$bunable to determine reason for suppression
=LAS  \\$aW1711-1225$b00$c20171203$lBLL01$h1053

