=LDR  02483 am a2200565 i 4500
=001  016454924
=003  Uk
=005  20130805105008.0
=006  m\\\\||\\d\|\\\\\\
=007  cr\|||||||||||
=008  130717s2013\\\\enka\\\\ob\\\|0|0\0|eng\\
=FMT  \\$a  BK
=015  \\$aGBB368486$2bnb
=020  \\$z9781909532458
=040  \\$aUk$beng$cUk$erda
=042  \\$aukblsr
=082  04$a362.829484$223
=100  1\$aAvram, Silvia,$eauthor.
=245  10$aLone parent obligations :$ban impact assessment /$cauthors: Dr Silvia Avram, Professor Mike Brewer, Dr Andrea Salvatori.
=264  \1$a[London] :$bDepartment for Work & Pensions,$cJuly 2013.
=300  \\$a1 online resource (101 pages) :$billustrations (black and white).
=336  \\$atext$2rdacontent
=337  \\$acomputer$2rdamedia
=338  \\$aonline resource$2rdacarrier
=490  1\$aResearch report ;$vNo 845
=500  \\$a"A report of research carried out by the Institute for Social and Economic Research (ISER), University of Essex, on behalf of the Department for Work and Pensions"--page 2.
=504  \\$aIncludes bibliographical references.
=588  \\$aDescription based on online resource; title from PDF cover page (viewed on August 5, 2013).
=650  \0$aSingle parents$xEmployment$zGreat Britain.
=650  \0$aSingle parents$xServices for$zGreat Britain.
=650  \0$aSocial security beneficiaries$xEmployment$zGreat Britain.
=650  \0$aEmployment re-entry$zGreat Britain.
=650  \0$aSingle parents$xGovernment policy$zGreat Britain$xEvaluation.
=700  1\$aBrewer, Mike,$d1975-$eauthor.
=700  1\$aSalvatori, Andrea,$eauthor.
=710  1\$aGreat Britain.$bDepartment for Work and Pensions,$eissuing body.
=830  \0$aResearch report (Great Britain. Department for Work and Pensions) ;$vNo 845.
=856  40$uhttps://www.gov.uk/government/uploads/system/uploads/attachment_data/file/211688/rrep845.pdf
=859  \\$aELD$bebook
=852  41$aBritish Library$bHMNTS$jELD Digital store
=CAT  \\$a12664$b40$c20130717$lBLL01$h1401
=CAT  \\$a8141$b40$c20130805$lBLL01$h1014
=CAT  \\$a8141$b40$c20130805$lBLL01$h1048
=CAT  \\$a8141$b40$c20130805$lBLL01$h1050
=CAT  \\$aWR14.047$c20140417$lBLL01$h1646
=CAT  \\$aW1611-0868$c20161114$lBLL01$h1414
=CAT  \\$aW1711-1225$c20171203$lBLL01$h1053
=FIN  \\$aY$d20130805
=STA  \\$aSUPPRESSED$bunable to determine reason for suppression
=LAS  \\$aW1711-1225$b00$c20171203$lBLL01$h1053

