=LDR  02425 am a2200577 i 4500
=001  016454928
=003  Uk
=005  20160518113823.0
=006  m\\\\||\\d\|\\\\\\
=007  cr\|||||||||||
=008  130717s2013\\\\enka\\\\o\\\\|0|0\0|eng\\
=FMT  \\$a  BK
=015  \\$aGBB368493$2bnb
=020  \\$z9781909532496
=040  \\$aUk$beng$cUk$erda
=042  \\$aukblsr
=082  04$a363.5820941021$223
=100  1\$aDurrant, Claire,$eauthor.
=245  10$aLocal authority insight survey - wave 24 /$cClaire Durrant, Elaine Winter, Darren Yaxley.
=264  \1$aLondon :$bDepartment for Work and Pensions,$c2013.
=300  \\$a1 online resource (125 pages) :$billustrations (black and white).
=336  \\$atext$2rdacontent
=337  \\$acomputer$2rdamedia
=338  \\$aonline resource$2rdacarrier
=490  1\$aResearch report ;$vNo 847
=500  \\$a"A report of research carried out by GfK NOP on behalf of the Department for Work and Pensions"--page 2.
=588  \\$aDescription based on online resource; title from PDF cover page (viewed on August 5, 2013).
=650  \0$aRent subsidies$zGreat Britain.
=650  \0$aRent subsidies$zGreat Britain$xStatistics.
=650  \0$aRent subsidies$zGreat Britain$vStatistics.
=650  \0$aWelfare recipients$xHousing$zGreat Britain$xStatistics.
=650  \0$aWelfare recipients$xHousing$zGreat Britain$vStatistics.
=650  \0$aLocal government$zGreat Britain.
=650  \0$aPublic welfare$zGreat Britain.
=650  \0$aRent subsidies$xGovernment policy$zGreat Britain.
=700  1\$aWinter, Elaine,$eauthor.
=700  1\$aYaxley, Darren,$eauthor.
=710  1\$aGreat Britain.$bDepartment for Work and Pensions,$eissuing body.
=830  \0$aResearch report (Great Britain. Department for Work and Pensions) ;$vNo 847.
=856  40$uhttps://www.gov.uk/government/uploads/system/uploads/attachment_data/file/211087/rrep847.pdf
=859  \\$aELD$bebook
=852  41$aBritish Library$bHMNTS$jELD Digital store
=CAT  \\$a12664$b40$c20130717$lBLL01$h1404
=CAT  \\$a8141$b40$c20130805$lBLL01$h1115
=CAT  \\$aWR14.047$c20140417$lBLL01$h1646
=CAT  \\$a8141$b40$c20160518$lBLL01$h1138
=CAT  \\$aW1611-0868$c20161114$lBLL01$h1414
=CAT  \\$aW1711-1225$c20171203$lBLL01$h1053
=FIN  \\$aY$d20130805
=STA  \\$aSUPPRESSED$bunable to determine reason for suppression
=LAS  \\$aW1711-1225$b00$c20171203$lBLL01$h1053

