=LDR  01881 am a2200469 i 4500
=001  016454947
=003  Uk
=005  20130805115041.0
=006  m\\\\||\\d\|\\\\\\
=007  cr\|||||||||||
=008  130717s2013\\\\enk\\\\\ob\\\|0|0\0|eng\\
=FMT  \\$a  BK
=015  \\$aGBB368497$2bnb
=020  \\$z9781781535929
=040  \\$aUk$beng$cUk$erda
=042  \\$aukblsr
=082  04$a361.650941$223
=110  1\$aGreat Britain.$bDepartment for Work and Pensions,$eauthor.
=245  10$aPublic perceptions of the Benefit Cap and pre-implementation impacts /$ca report of research carried out by the Department for Work and Pensions.
=264  \1$a[London] :$bDepartment for Work and Pensions,$c2013.
=300  \\$a1 online resource (47 pages)
=336  \\$atext$2rdacontent
=337  \\$acomputer$2rdamedia
=338  \\$aonline resource$2rdacarrier
=500  \\$a"12 July 2013."
=504  \\$aIncludes bibliographical references.
=588  \\$aDescription based on online resource; title from PDF cover page (viewed on August 5, 2013).
=650  \0$aPublic welfare$zGreat Britain$xPublic opinion$xStatistics.
=650  \0$aPublic welfare$zGreat Britain$xPublic opinion$vStatistics.
=650  \0$aPublic opinion$zGreat Britain.
=856  40$uhttps://www.gov.uk/government/uploads/system/uploads/attachment_data/file/212132/dwp-benefit-cap-report.pdf
=859  \\$aELD$bebook
=852  41$aBritish Library$bHMNTS$jELD Digital store
=CAT  \\$a12664$b40$c20130717$lBLL01$h1421
=CAT  \\$a12664$b40$c20130717$lBLL01$h1423
=CAT  \\$a8141$b40$c20130805$lBLL01$h1150
=CAT  \\$aWR14.047$c20140417$lBLL01$h1646
=CAT  \\$aW1611-0868$c20161114$lBLL01$h1414
=CAT  \\$aW1711-1225$c20171203$lBLL01$h1053
=FIN  \\$aY$d20130805
=STA  \\$aSUPPRESSED$bunable to determine reason for suppression
=LAS  \\$aW1711-1225$b00$c20171203$lBLL01$h1053

