=LDR  01995 am a2200505 i 4500
=001  016456119
=003  Uk
=005  20130726130836.0
=006  m\\\\||\\d\|\\\\\\
=007  cr\|||||||||||
=008  130722s2013\\\\enkab\\\ob\\\|0|0\0|eng\\
=FMT  \\$a  BK
=015  \\$aGBB365067$2bnb
=020  \\$z9781409838562
=040  \\$aUk$beng$cUk$erda
=042  \\$aukblsr
=082  04$a304.6094209051201$223
=245  00$aHousehold interim projections, 2011 to 2021, England.
=264  \1$a[London] :$bDepartment for Communities and Local Government,$cApril 2013.
=300  \\$a1 online resource (25 pages) :$billustrations (colour), 2 maps (colour).
=336  \\$atext$2rdacontent
=337  \\$acomputer$2rdamedia
=338  \\$aonline resource$2rdacarrier
=490  0\$aHousing statistical release
=500  \\$a"9 April 2013."
=504  \\$aIncludes bibliographical references.
=588  \\$aDescription based on online resource; title from PDF caption title (viewed on July 26, 2013).
=650  \0$aHouseholds$zEngland$xForecasting$vStatistics.
=650  \0$aHouseholds$zEngland$xForecasting$xStatistics.
=690  7\$aSocial Welfare$2blcoll
=710  1\$aGreat Britain.$bDepartment for Communities and Local Government,$eissuing body.
=710  2\$aUK Statistics Authority.
=856  40$uhttps://www.gov.uk/government/uploads/system/uploads/attachment_data/file/190229/Stats_Release_2011FINALDRAFTv3.pdf
=859  \\$aELD$bebook
=852  41$aBritish Library$bHMNTS$jELD Digital store
=CAT  \\$a10983$b40$c20130722$lBLL01$h1053
=CAT  \\$a8141$b40$c20130726$lBLL01$h1308
=CAT  \\$aWR14.047$c20140417$lBLL01$h1646
=CAT  \\$a5194$b40$c20161013$lBLL01$h1134
=CAT  \\$aBATCH-UPD$b40$c20161013$lBLL01$h1136
=CAT  \\$aW1611-0868$c20161114$lBLL01$h1414
=CAT  \\$aW1711-1225$c20171203$lBLL01$h1053
=FIN  \\$aY$d20130726
=STA  \\$aSUPPRESSED$bunable to determine reason for suppression
=LAS  \\$aW1711-1225$b00$c20171203$lBLL01$h1053

