=LDR  01544 am a2200421 i 4500
=001  016456264
=003  Uk
=005  20130725143618.0
=006  m\\\\||\\d\|\\\\\\
=007  cr\|||||||||||
=008  130722s2013\\\\enk\\\\\o\\\\|0|0\0|eng\\
=FMT  \\$a  BK
=015  \\$aGBB365029$2bnb
=020  \\$a9781782565697 (web only)
=040  \\$aUk$beng$cUk$erda
=042  \\$aukblsr
=082  04$a336.2209411$223
=245  00$aLand and Buildings Transaction Tax (Scotland) Bill :$bbusiness and regulatory impact assessment (BRIA).
=264  \1$aEdinburgh :$bScottish Government,$cMay 2013.
=300  \\$a1 online resource (12 unnumbered pages)
=336  \\$atext$2rdacontent
=337  \\$acomputer$2rdamedia
=338  \\$aonline resource$2rdacarrier
=588  \\$aDescription based on online resource; title from PDF caption title (viewed on July 25, 2013).
=650  \0$aReal property tax$zScotland.
=650  \0$aStamp duties$zScotland.
=710  1\$aScotland.$bScottish Government,$eissuing body.
=856  40$uhttp://www.scotland.gov.uk/Resource/0042/00423470.pdf
=859  \\$aELD$bebook
=852  41$aBritish Library$bHMNTS$jELD Digital store
=CAT  \\$a10983$b40$c20130722$lBLL01$h1355
=CAT  \\$a8141$b40$c20130725$lBLL01$h1436
=CAT  \\$aWR14.047$c20140417$lBLL01$h1646
=CAT  \\$aW1611-0868$c20161114$lBLL01$h1414
=CAT  \\$aW1711-1225$c20171203$lBLL01$h1053
=FIN  \\$aY$d20130725
=STA  \\$aSUPPRESSED$bunable to determine reason for suppression
=LAS  \\$aW1711-1225$b00$c20171203$lBLL01$h1053

