=LDR  01703 am a2200457 i 4500
=001  016456303
=003  Uk
=005  20130726080834.0
=006  m\\\\||\\d\|\\\\\\
=007  cr\|||||||||||
=008  130722s2013\\\\stk\\\\\ob\\\|0|0\0|eng\\
=FMT  \\$a  BK
=015  \\$aGBB365039$2bnb
=020  \\$a9781782566113 (web only)
=040  \\$aUk$beng$cUk$erda
=042  \\$aukblsr
=082  04$a347.41108$223
=110  1\$aScotland.$bScottish Government,$eauthor.
=245  10$aMaking Justice Work - Courts Reform (Scotland) Bill :$bconsultation on the treatment of civil appeals from the Court of Session.
=264  \1$aEdinburgh :$bScottish Government,$cMay 2013.
=300  \\$a1 online resource (12 pages)
=336  \\$atext$2rdacontent
=337  \\$acomputer$2rdamedia
=338  \\$aonline resource$2rdacarrier
=504  \\$aIncludes bibliographical references.
=588  \\$aDescription based on online resource; title from PDF cover page (viewed on July 26, 2013).
=650  \0$aCivil procedure$zScotland.
=650  \0$aAppellate procedure$zScotland.
=856  40$uhttp://www.scotland.gov.uk/Resource/0042/00423515.pdf
=859  \\$aELD$bebook
=852  41$aBritish Library$bHMNTS$jELD Digital store
=CAT  \\$a10983$b40$c20130722$lBLL01$h1437
=CAT  \\$a8141$b40$c20130726$lBLL01$h0757
=CAT  \\$a8141$b40$c20130726$lBLL01$h0804
=CAT  \\$a8141$b40$c20130726$lBLL01$h0808
=CAT  \\$aWR14.047$c20140417$lBLL01$h1646
=CAT  \\$aW1611-0868$c20161114$lBLL01$h1414
=CAT  \\$aW1711-1225$c20171203$lBLL01$h1053
=FIN  \\$aY$d20130726
=STA  \\$aSUPPRESSED$bunable to determine reason for suppression
=LAS  \\$aW1711-1225$b00$c20171203$lBLL01$h1053

