=LDR  02056 am a2200493 i 4500
=001  016456322
=003  Uk
=005  20130726083013.0
=006  m\\\\||\\d\|\\\\\\
=007  cr\|||||||||||
=008  130722s2013\\\\stk\\\\\ob\\\|0|0\0|eng\\
=FMT  \\$a  BK
=015  \\$aGBB365040$2bnb
=020  \\$a9781782566175 (web only)
=020  \\$a9781782566199 (ePub)
=020  \\$a9781782566182 (Mobi)
=040  \\$aUk$beng$cUk$erda
=042  \\$aukblsr
=082  04$a362.5809411$223
=245  00$aHousing support duty to those found to be homeless or threatened with homelessness - amendment to Housing (Scotland) Act 1987 (inserted by Housing (Scotland) Act 2010) :$bguidance for local authorities published June 2013.
=264  \1$aEdinburgh :$bScottish Government,$cJune 2013.
=300  \\$a1 online resource (25 pages)
=336  \\$atext$2rdacontent
=337  \\$acomputer$2rdamedia
=338  \\$aonline resource$2rdacarrier
=500  \\$a"Published by the Scottish Government on behalf of the Housing Support Guidance Working Group"--front cover.
=504  \\$aIncludes bibliographical references.
=588  \\$aDescription based on online resource; title from PDF cover page (viewed on July 26, 2013).
=650  \0$aHomelessness$xLaw and legislation$zScotland.
=650  \0$aHousing$xLaw and legislation$zScotland.
=650  \0$aHomeless persons$zServices foe$zScotland$vCase studies.
=710  1\$aScotland.$bScottish Government,$eissuing body.
=856  40$uhttp://www.scotland.gov.uk/Resource/0042/00423606.pdf
=859  \\$aELD$bebook
=852  41$aBritish Library$bHMNTS$jELD Digital store
=CAT  \\$a10983$b40$c20130722$lBLL01$h1449
=CAT  \\$a8141$b40$c20130726$lBLL01$h0829
=CAT  \\$a8141$b40$c20130726$lBLL01$h0830
=CAT  \\$aWR14.047$c20140417$lBLL01$h1646
=CAT  \\$aW1611-0868$c20161114$lBLL01$h1414
=CAT  \\$aW1711-1225$c20171203$lBLL01$h1053
=FIN  \\$aY$d20130726
=STA  \\$aSUPPRESSED$bunable to determine reason for suppression
=LAS  \\$aW1711-1225$b00$c20171203$lBLL01$h1053

