=LDR  01576 am a2200421 i 4500
=001  016456327
=003  Uk
=005  20130726091753.0
=006  m\\\\||\\d\|\\\\\\
=007  cr\|||||||||||
=008  130722s2013\\\\stkab\\\ob\\\|0|0\0|eng\\
=FMT  \\$a  BK
=015  \\$aGBB365045$2bnb
=020  \\$a9781782566205 (web only)
=040  \\$aUk$beng$cUk$erda
=042  \\$aukblsr
=082  04$a333.79309411$223
=110  1\$aScotland.$bScottish Government,$eauthor.
=245  10$aDistrict heating action plan :$bresponse to the Expert Commission on District Heating.
=264  \1$aEdinburgh :$bScottish Government,$cJune 2013.
=300  \\$a1 online resource (28 pages) :$billustrations (colour), 1 map (colour)
=336  \\$atext$2rdacontent
=337  \\$acomputer$2rdamedia
=338  \\$aonline resource$2rdacarrier
=504  \\$aIncludes bibliographical references.
=588  \\$aDescription based on online resource; title from PDF cover page (viewed on July 26, 2013).
=650  \0$aHeating from central stations$zScotland.
=856  40$uhttp://www.scotland.gov.uk/Resource/0042/00423849.pdf
=859  \\$aELD$bebook
=852  41$aBritish Library$bHMNTS$jELD Digital store
=CAT  \\$a10983$b40$c20130722$lBLL01$h1453
=CAT  \\$a8141$b40$c20130726$lBLL01$h0917
=CAT  \\$aWR14.047$c20140417$lBLL01$h1646
=CAT  \\$aW1611-0868$c20161114$lBLL01$h1414
=CAT  \\$aW1711-1225$c20171203$lBLL01$h1053
=FIN  \\$aY$d20130726
=STA  \\$aSUPPRESSED$bunable to determine reason for suppression
=LAS  \\$aW1711-1225$b00$c20171203$lBLL01$h1053

