=LDR  01724 am a2200469 i 4500
=001  016456336
=003  Uk
=005  20130730081756.0
=006  m\\\\||\\d\|\\\\\\
=007  cr\|||||||||||
=008  130722s2013\\\\stka\\\\ob\\\|0|0\0|eng\\
=FMT  \\$a  BK
=015  \\$aGBB365054$2bnb
=020  \\$z9781782565673
=040  \\$aUk$beng$cUk$erda
=042  \\$aukblsr
=082  04$a304$223
=100  1\$aDarnton, Andrew,$eauthor.
=245  10$aInfluencing behaviours :$bmoving beyond the individual : a user guide to the ISM tool /$cAndrew Darnton and Jackie Horne.
=246  13$aISM user guide
=264  \1$aEdinburgh :$bScottish Government,$cJune 2013.
=300  \\$a1 online resource (26 pages) :$billustrations (colour)
=336  \\$atext$2rdacontent
=337  \\$acomputer$2rdamedia
=338  \\$aonline resource$2rdacarrier
=504  \\$aIncludes bibliographical references.
=588  \\$aDescription based on online resource; title from PDF title page (viewed on July 26, 2013).
=650  \0$aHuman behavior models.
=700  1\$aHorne, Jackie,$eauthor.
=710  1\$aScotland.$bScottish Government,$eissuing body.
=856  40$uhttp://www.scotland.gov.uk/Resource/0042/00423436.pdf
=859  \\$aELD$bebook
=852  41$aBritish Library$bHMNTS$jELD Digital store
=CAT  \\$a10983$b40$c20130722$lBLL01$h1459
=CAT  \\$a8141$b40$c20130726$lBLL01$h1048
=CAT  \\$a7332$b40$c20130730$lBLL01$h0817
=CAT  \\$aWR14.047$c20140417$lBLL01$h1646
=CAT  \\$aW1611-0868$c20161114$lBLL01$h1414
=CAT  \\$aW1711-1225$c20171203$lBLL01$h1053
=FIN  \\$aY$d20130726
=STA  \\$aSUPPRESSED$bunable to determine reason for suppression
=LAS  \\$aW1711-1225$b00$c20171203$lBLL01$h1053

