=LDR  01709 am a2200457 i 4500
=001  016456349
=003  Uk
=005  20130726144255.0
=006  m\\\\||\\d\|\\\\\\
=007  cr\|||||||||||
=008  130722s2013\\\\stk\\\\\ob\\\|0|0\0|eng\\
=FMT  \\$a  BK
=015  \\$aGBB365079$2bnb
=040  \\$aUk$beng$cUk$erda
=042  \\$aukblsr
=082  04$a610.6909411$223
=245  00$aEverybody matters :$b2020 workforce vision : summary of engagement and consultation responses.
=264  \1$aEdinburgh :$bScottish Government,$cJune 2013.
=300  \\$a1 online resource (23 pages)
=336  \\$atext$2rdacontent
=337  \\$acomputer$2rdamedia
=338  \\$aonline resource$2rdacarrier
=504  \\$aIncludes bibliographical references.
=588  \\$aDescription based on online resource; title from PDF cover page (viewed on July 26, 2013).
=610  20$aNational Health Service in Scotland$xOfficials and employees.
=650  \0$aMedical care$zScotland.
=650  \0$aMedical policy$zScotland.
=710  1\$aScotland.$bScottish Government,$eissuing body.
=710  2\$aNational Health Service in Scotland.
=710  1\$aScotland.$bHealthier Scotland.
=856  40$uhttp://www.scotland.gov.uk/Resource/0042/00424268.pdf
=859  \\$aELD$bebook
=852  41$aBritish Library$bHMNTS$jELD Digital store
=CAT  \\$a10983$b40$c20130722$lBLL01$h1516
=CAT  \\$a8141$b40$c20130726$lBLL01$h1442
=CAT  \\$aWR14.047$c20140417$lBLL01$h1646
=CAT  \\$aW1611-0868$c20161114$lBLL01$h1414
=CAT  \\$aW1711-1225$c20171203$lBLL01$h1053
=FIN  \\$aY$d20130726
=STA  \\$aSUPPRESSED$bunable to determine reason for suppression
=LAS  \\$aW1711-1225$b00$c20171203$lBLL01$h1053

