=LDR  01804 am a2200457 i 4500
=001  016456399
=003  Uk
=005  20130906142558.0
=006  m\\\\||\\d\|\\\\\\
=007  cr\|||||||||||
=008  130722s2013\\\\enka\\\\o\\\\\000\0|eng\\
=FMT  \\$a  BK
=015  \\$aGBB381338$2bnb
=040  \\$aUk$beng$cUk$erda
=042  \\$aukblsr
=082  04$a363.50941$223
=100  1\$aHandy, Christopher R.,$eauthor.
=245  10$a'Towards a one nation housing policy' /$cDr Chris Handy is Chair of the Matrix Strategy Committee and Chief Executive of the Accord Group, Kevin Gulliver is Director of the Human City Institute.
=264  \1$aLondon :$bCompass,$cJuly 2013.
=300  \\$a1 online resource (4 pages) :$billustrations (colour).
=336  \\$atext$2rdacontent
=337  \\$acomputer$2rdamedia
=338  \\$aonline resource$2rdacarrier
=490  0\$aThinkpiece ;$vNo. 77
=588  \\$aDescription based on online resource; title from PDF title page (viewed on September 6, 2013).
=650  \0$aHousing policy$zGreat Britain.
=690  7\$aSocial Welfare$2blcoll
=700  1\$aGulliver, Kevin,$eauthor.
=710  2\$aCompass (Organisation),$epublisher.
=856  40$uhttp://www.compassonline.org.uk/wp-content/uploads/2013/07/One-Nation-Housing-Thinkpiece-77.pdf
=859  \\$aELD$bebook
=852  41$aBritish Library$bHMNTS$jELD Digital store
=CAT  \\$a12664$b40$c20130722$lBLL01$h1632
=CAT  \\$a12664$b40$c20130821$lBLL01$h1220
=CAT  \\$a8141$b40$c20130906$lBLL01$h1425
=CAT  \\$aWR14.047$c20140417$lBLL01$h1646
=CAT  \\$aW1611-0868$c20161114$lBLL01$h1414
=CAT  \\$aW1711-1225$c20171203$lBLL01$h1053
=FIN  \\$aY$d20130906
=STA  \\$aSUPPRESSED$bunable to determine reason for suppression
=LAS  \\$aW1711-1225$b00$c20171203$lBLL01$h1053

