=LDR  01555 am a2200421 i 4500
=001  016456741
=003  Uk
=005  20130729082644.0
=006  m\\\\||\\d\|\\\\\\
=007  cr\|||||||||||
=008  130723s2013\\\\stka\\\\ob\\\|0|0\0|eng\\
=FMT  \\$a  BK
=015  \\$aGBB365093$2bnb
=020  \\$z9781782566366
=040  \\$aUk$beng$cUk$erda
=042  \\$aukblsr
=082  04$a326.3809411$223
=245  04$aThe keys to life :$bimproving quality of life for people with learning disabilities.
=264  \1$aEdinburgh :$bScottish Government,$cJune 2013.
=300  \\$a1 online resource (162 pages) :$billustrations (colour)
=336  \\$atext$2rdacontent
=337  \\$acomputer$2rdamedia
=338  \\$aonline resource$2rdacarrier
=504  \\$aIncludes bibliographical references.
=588  \\$aDescription based on online resource; title from PDF title page (viewed on July 29, 2013).
=650  \0$aLearning disabled$xServices for$zScotland.
=710  1\$aScotland.$bScottish Government,$eissuing body.
=856  40$uhttp://www.scotland.gov.uk/Resource/0042/00424389.pdf
=859  \\$aELD$bebook
=852  41$aBritish Library$bHMNTS$jELD Digital store
=CAT  \\$a10983$b40$c20130723$lBLL01$h1459
=CAT  \\$a8141$b40$c20130729$lBLL01$h0826
=CAT  \\$aWR14.047$c20140417$lBLL01$h1646
=CAT  \\$aW1611-0868$c20161114$lBLL01$h1414
=CAT  \\$aW1711-1225$c20171203$lBLL01$h1053
=FIN  \\$aY$d20130729
=STA  \\$aSUPPRESSED$bunable to determine reason for suppression
=LAS  \\$aW1711-1225$b00$c20171203$lBLL01$h1053

