=LDR  01729 am a2200445 i 4500
=001  016458184
=003  Uk
=005  20130806142635.0
=006  m\\\\||\\d\|\\\\\\
=007  cr\|||||||||||
=008  130724s2013\\\\enk\\\\\ob\\\|0|0\0|eng\\
=FMT  \\$a  BK
=015  \\$aGBB368723$2bnb
=040  \\$aUk$beng$cUk$erda
=042  \\$aukblsr
=082  04$a353.9970942164$223
=110  1\$aGreat Britain.$bFood Standards Agency,$eauthor.
=245  10$aReport on the Audit of Local Authority Food Law Service Delivery and Food Business Compliance.$pLondon Borough of Southwark, 5-6 December 2012.
=264  \1$a[London?] :$bFood Standard Agency,$c[2013?]
=300  \\$a1 online resource (35 pages)
=336  \\$atext$2rdacontent
=337  \\$acomputer$2rdamedia
=338  \\$aonline resource$2rdacarrier
=504  \\$aIncludes bibliographical references.
=588  \\$aDescription based on online resource; title from PDF cover page (viewed on August 6, 2013).
=610  10$aSouthwark (London, England).$bCouncil$xEvaluation.
=650  \0$aFood adulteration and inspection$zEngland.
=650  \0$aFood service$xSanitation$zEngland.
=651  \0$aSouthwark (London, England)
=856  40$uhttp://food.gov.uk/multimedia/pdfs/enforcement/southwark.pdf
=859  \\$aELD$bebook
=852  41$aBritish Library$bHMNTS$jELD Digital store
=CAT  \\$a12664$b40$c20130724$lBLL01$h1059
=CAT  \\$a8141$b40$c20130806$lBLL01$h1426
=CAT  \\$aWR14.047$c20140417$lBLL01$h1646
=CAT  \\$aW1611-0868$c20161114$lBLL01$h1414
=CAT  \\$aW1711-1225$c20171203$lBLL01$h1053
=FIN  \\$aY$d20130806
=STA  \\$aSUPPRESSED$bunable to determine reason for suppression
=LAS  \\$aW1711-1225$b00$c20171203$lBLL01$h1053

