=LDR  01731 am a2200469 i 4500
=001  016458198
=003  Uk
=005  20130807142847.0
=006  m\\\\||\\d\|\\\\\\
=007  cr\|||||||||||
=008  130724s2013\\\\stka\\\\ob\\\\0|0\0|eng\\
=FMT  \\$a  BK
=015  \\$aGBB370392$2bnb
=020  \\$z9781909705074
=040  \\$aUk$beng$cUk$erda
=042  \\$aukblsr
=082  04$a388.068$223
=110  2\$aAudit Scotland,$eauthor.
=245  10$aScotland's key transport infrastructure projects /$cprepared by Audit Scotland.
=264  \1$aEdinburgh :$bAudit Scotland,$cJune 2013.
=300  \\$a1 online resource (46 pages) :$billustrations (colour)
=336  \\$atext$2rdacontent
=337  \\$acomputer$2rdamedia
=338  \\$aonline resource$2rdacarrier
=500  \\$a"AGS/2013/5"--Back cover.
=504  \\$aIncludes bibliographical references.
=530  \\$aAlso issued in print format.
=588  \\$aDescription based on online resource; title from PDF cover page (viewed on August 7, 2013).
=650  \0$aTransportation and state$zScotland.
=650  \0$aInfrastructure (Economics)$zScotland.
=710  2\$aAuditor General for Scotland.
=856  40$uhttp://www.audit-scotland.gov.uk/docs/central/2013/nr_130621_transport_projects.pdf
=859  \\$aELD$bebook
=852  41$aBritish Library$bHMNTS$jELD Digital store
=CAT  \\$a12664$b40$c20130724$lBLL01$h1111
=CAT  \\$a8141$b40$c20130807$lBLL01$h1428
=CAT  \\$aWR14.047$c20140417$lBLL01$h1646
=CAT  \\$aW1611-0868$c20161114$lBLL01$h1414
=CAT  \\$aW1711-1225$c20171203$lBLL01$h1053
=FIN  \\$aY$d20130807
=STA  \\$aSUPPRESSED$bunable to determine reason for suppression
=LAS  \\$aW1711-1225$b00$c20171203$lBLL01$h1053

