=LDR  02009 am a2200505 i 4500
=001  016458228
=003  Uk
=005  20130828105854.0
=006  m\\\\||\\d\|\\\\\\
=007  cr\|||||||||||
=008  130724s2013\\\\stkab\\\ob\\\\0|0\0|eng\\
=FMT  \\$a  BK
=015  \\$aGBB375176$2bnb
=020  \\$z9781853978791
=040  \\$aUk$beng$cUk$erda
=042  \\$aukblsr
=082  04$a599.766509411$223
=100  1\$aCroose, E.$q(Elizabeth),$eauthor.
=245  10$aExpansion zone survey of pine marten (martes martes) distribution in Scotland /$cCroose, E., Birks, J.D.S. & Schofield, H.W.
=264  \1$aInverness :$bScottish Natural Heritage,$c2013.
=300  \\$a1 online resource (47 pages) :$billustrations (colour), maps (colour).
=336  \\$atext$2rdacontent
=337  \\$acomputer$2rdamedia
=338  \\$aonline resource$2rdacarrier
=490  0\$aScottish Natural Heritage commissioned report ;$vno. 520
=504  \\$aIncludes bibliographical references.
=588  \\$aDescription based on online resource; title from PDF title page (viewed on August 21, 2013).
=650  \0$aPine marten$zScotland$xGeographical distribution.
=700  1\$aBirks, J. D. S.,$eauthor.
=700  1\$aSchofield, H. W.$q(Henry William),$eauthor.
=710  2\$aScottish Natural Heritage (Agency),$epublisher.
=856  40$uhttp://www.snh.org.uk/pdfs/publications/commissioned_reports/520.pdf
=859  \\$aELD$bebook
=852  41$aBritish Library$bHMNTS$jELD Digital store
=CAT  \\$a11384$b40$c20130724$lBLL01$h1134
=CAT  \\$a11384$b40$c20130724$lBLL01$h1151
=CAT  \\$a11384$b40$c20130724$lBLL01$h1226
=CAT  \\$a8141$b40$c20130821$lBLL01$h1502
=CAT  \\$a7332$b40$c20130828$lBLL01$h1058
=CAT  \\$aWR14.047$c20140417$lBLL01$h1646
=CAT  \\$aW1611-0868$c20161114$lBLL01$h1414
=CAT  \\$aW1711-1225$c20171203$lBLL01$h1053
=FIN  \\$aY$d20130821
=STA  \\$aSUPPRESSED$bunable to determine reason for suppression
=LAS  \\$aW1711-1225$b00$c20171203$lBLL01$h1053

