=LDR  01744 am a2200421 i 4500
=001  016458261
=003  Uk
=005  20130725125849.0
=006  m\\\\||\\d\|\\\\\\
=007  cr\|||||||||||
=008  130724s2013\\\\enkab\\\ob\\\|0|0\0|eng\\
=FMT  \\$a  BK
=015  \\$aGBB365016$2bnb
=040  \\$aUk$beng$cUk$erda
=042  \\$aukblsr
=082  04$a363.122650942817$223
=110  1\$aGreat Britain.$bRail Accident Investigation Branch,$eauthor.
=245  10$aCollision of a road-rail vehicle with a buffer stop at Bradford Interchange station, 25 March 2012.
=264  \1$aDerby :$bRail Accident Investigation Branch, Department for Transport,$cJuly 2013.
=300  \\$a1 online resource (50 pages) :$billustrations (black and white, and colour), 1 map (colour).
=336  \\$atext$2rdacontent
=337  \\$acomputer$2rdamedia
=338  \\$aonline resource$2rdacarrier
=490  0\$aRail accident report ;$v09/2013
=504  \\$aIncludes bibliographical references.
=588  \\$aDescription based on online resource; title from PDF title page (viewed on July 25, 2013).
=650  \0$aRailroad accidents$xInvestigation$zEngland$zBradford (West Yorkshire)
=856  40$uhttp://www.raib.gov.uk/cms_resources.cfm?file=/130724_R092013_Bradford_%20Interchange.pdf
=859  \\$aELD$bebook
=852  41$aBritish Library$bHMNTS$jELD Digital store
=CAT  \\$a12664$b40$c20130724$lBLL01$h1156
=CAT  \\$a8141$b40$c20130725$lBLL01$h1258
=CAT  \\$aWR14.047$c20140417$lBLL01$h1646
=CAT  \\$aW1611-0868$c20161114$lBLL01$h1414
=CAT  \\$aW1711-1225$c20171203$lBLL01$h1053
=FIN  \\$aY$d20130725
=STA  \\$aSUPPRESSED$bunable to determine reason for suppression
=LAS  \\$aW1711-1225$b00$c20171203$lBLL01$h1053

