=LDR  02282 am a2200529 i 4500
=001  016458283
=003  Uk
=005  20130902125906.0
=006  m\\\\||\\d\|\\\\\\
=007  cr\|||||||||||
=008  130724s2013\\\\enka\\\\ob\\\|0|0\0|eng\\
=FMT  \\$a  BK
=015  \\$aGBB370475$2bnb
=040  \\$aUk$beng$cUk$erda
=042  \\$aukblsr
=082  04$a616.99471$223
=100  1\$aFord, John$c(Medical care researcher),$eauthor.
=245  12$aA systematic review of the clinical effectiveness and cost-effectiveness, and economic evaluation, of denosumab for the treatment of bone metastases from solid tumours /$cJ Ford [and ten others].
=264  \1$aSouthampton :$bNIHR Journals Library,$cJuly 2013.
=300  \\$a1 online resource (xvii, 385 pages) :$billustrations (black and white).
=336  \\$atext$2rdacontent
=337  \\$acomputer$2rdamedia
=338  \\$aonline resource$2rdacarrier
=490  1\$aHealth technology assessment,$x2046-4924 ;$vvolume 17, issue 29
=500  \\$a"DOI 10.3310/hta17290."
=504  \\$aIncludes bibliographical references.
=530  \\$aAlso issued in print format.
=588  \\$aDescription based on online resource; title from PDF title page (viewed on August 9, 2013).
=650  \0$aBone metastasis$xEffect of drugs on.
=650  \0$aBone metastasis$xTreatment$xCost effectiveness.
=710  2\$aNIHR Journals Library,$epublisher.
=710  2\$aNational Institute for Health Research (Great Britain)
=830  \0$aHealth technology assessment (Winchester),$x1366-5278 ;$vvolume 17, issue 29.
=856  40$uhttp://www.journalslibrary.nihr.ac.uk/__data/assets/pdf_file/0005/75092/FullReport-hta17270.pdf
=859  \\$aELD$bebook
=852  41$aBritish Library$bHMNTS$jELD Digital store
=CAT  \\$a12664$b40$c20130724$lBLL01$h1216
=CAT  \\$a12664$b40$c20130724$lBLL01$h1220
=CAT  \\$a8141$b40$c20130809$lBLL01$h0844
=CAT  \\$a8141$b40$c20130809$lBLL01$h1043
=CAT  \\$a7332$b40$c20130902$lBLL01$h1259
=CAT  \\$aWR14.047$c20140417$lBLL01$h1646
=CAT  \\$aW1611-0868$c20161114$lBLL01$h1414
=CAT  \\$aW1711-1225$c20171203$lBLL01$h1053
=FIN  \\$aY$d20130809
=STA  \\$aSUPPRESSED$bunable to determine reason for suppression
=LAS  \\$aW1711-1225$b00$c20171203$lBLL01$h1053

