=LDR  02238 am a2200529 i 4500
=001  016458287
=003  Uk
=005  20130809091540.0
=006  m\\\\||\\d\|\\\\\\
=007  cr\|||||||||||
=008  130724s2013\\\\enkab\\\ob\\\|0|0\0|eng\\
=FMT  \\$a  BK
=015  \\$aGBB370477$2bnb
=040  \\$aUk$beng$cUk$erda
=042  \\$aukblsr
=082  04$a616.36200723$223
=100  10$aLilford, Richard,$d1950-$eauthor.
=245  10$aBirmingham and Lambeth Liver Evaluation Testing Strategies (BALLETS) :$ba prospective cohort study /$cRJ Lilford [and nineteen others].
=264  \1$aSouthampton :$bNIHR Journals Library,$cJuly 2013.
=300  \\$a1 online resource (xiv, 307 pages) :$billustrations (black and white), maps (black and white).
=336  \\$atext$2rdacontent
=337  \\$acomputer$2rdamedia
=338  \\$aonline resource$2rdacarrier
=490  1\$aHealth technology assessment,$x2046-4924 ;$vvolume 17, issue 28
=500  \\$a"DOI 10.3310/hta17280."
=504  \\$aIncludes bibliographical references.
=588  \\$aDescription based on online resource; title from PDF title page (viewed on August 9, 2013).
=650  \0$aLiver function tests$zEngland$zBirmingham.
=650  \0$aLiver function tests$zEngland$zLondon.
=650  \0$aHealth surveys$xStatistical methods.
=651  \0$aLambeth (London, England)
=710  2\$aNIHR Journals Library,$epublisher.
=710  2\$aNational Institute for Health Research (Great Britain)
=830  \0$aHealth technology assessment (Winchester),$x1366-5278 ;$vvolume 17, issue 28.
=856  40$uhttp://www.journalslibrary.nihr.ac.uk/__data/assets/pdf_file/0007/75535/FullReport-hta17280.pdf
=859  \\$aELD$bebook
=852  41$aBritish Library$bHMNTS$jELD Digital store
=CAT  \\$a12664$b40$c20130724$lBLL01$h1222
=CAT  \\$a12664$b40$c20130724$lBLL01$h1223
=CAT  \\$a8141$b40$c20130809$lBLL01$h0915
=CAT  \\$aWR14.047$c20140417$lBLL01$h1646
=CAT  \\$aBATCH-UPD$b00$c20150108$lBLL01$h2148
=CAT  \\$aW1611-0868$c20161114$lBLL01$h1414
=CAT  \\$aW1711-1225$c20171203$lBLL01$h1053
=FIN  \\$aY$d20130809
=STA  \\$aSUPPRESSED$bunable to determine reason for suppression
=LAS  \\$aW1711-1225$b00$c20171203$lBLL01$h1053

