=LDR  01986 am a2200517 i 4500
=001  016458326
=003  Uk
=005  20130830113815.0
=006  m\\\\||\\d\|\\\\\\
=007  cr\|||||||||||
=008  130724s2013\\\\stka\\\\o\\\\|0|0\0|eng\\
=FMT  \\$a  BK
=015  \\$aGBB375243$2bnb
=020  \\$z9781853978890
=040  \\$aUk$beng$cUk$erda
=042  \\$aukblsr
=082  04$a333.9596517$223
=100  1\$aGreen, S.$q(Steve),$eauthor.
=245  10$aPublic perceptions of wild deer management :$bpilot study /$cGreen, S., Bowles, J., Maclean, C. and Bowles, T.
=264  \1$aInverness :$bScottish Natural Heritage,$c2013.
=300  \\$a1 online resource (iv, 85 pages) :$billustrations (colour).
=336  \\$atext$2rdacontent
=337  \\$acomputer$2rdamedia
=338  \\$aonline resource$2rdacarrier
=490  0\$aScottish Natural Heritage commissioned report ;$vno. 529
=588  \\$aDescription based on online resource; title from PDF title page (viewed on August 22, 2013).
=650  \0$aDeer$xControl$zScotland$xPublic opinion.
=650  \0$aResearch$xMethodology.
=650  \0$aPublic opinion$zScotland.
=700  1\$aBowles, J.$q(Judith),$eauthor.
=700  1\$aMaclean, C.$q(Colin),$eauthor.
=700  1\$aBowles, T.$q(Tristan),$eauthor.
=710  2\$aScottish Natural Heritage (Agency),$epublisher.
=856  40$uhttp://www.snh.org.uk/pdfs/publications/commissioned_reports/529.pdf
=859  \\$aELD$bebook
=852  41$aBritish Library$bHMNTS$jELD Digital store
=CAT  \\$a11384$b40$c20130724$lBLL01$h1335
=CAT  \\$a8141$b40$c20130822$lBLL01$h1501
=CAT  \\$a7332$b40$c20130829$lBLL01$h1628
=CAT  \\$a7332$b40$c20130830$lBLL01$h1138
=CAT  \\$aWR14.047$c20140417$lBLL01$h1646
=CAT  \\$aW1611-0868$c20161114$lBLL01$h1414
=CAT  \\$aW1711-1225$c20171203$lBLL01$h1053
=FIN  \\$aY$d20130822
=STA  \\$aSUPPRESSED$bunable to determine reason for suppression
=LAS  \\$aW1711-1225$b00$c20171203$lBLL01$h1053

