=LDR  01972 am a2200493 i 4500
=001  016458354
=003  Uk
=005  20130828105335.0
=006  m\\\\||\\d\|\\\\\\
=007  cr\|||||||||||
=008  130724s2013\\\\stkab\\\ob\\\\0|0\0|eng\\
=FMT  \\$a  BK
=015  \\$aGBB377736$2bnb
=020  \\$z9781853979156
=040  \\$aUk$beng$cUk$erda
=042  \\$aukblsr
=082  04$a598.417094124$223
=100  1\$aPatterson, I. J.$q(Ian James),$d1939-$eauthor.
=245  10$aGoose distribution in relation to SPAs in Grampian /$cPetterson, I.J.
=264  \1$aInverness :$bScottish Natural Heritage,$c2013.
=300  \\$a1 online resource (ii, 23 pages) :$billustrations (black and white), maps (black and white, and colour).
=336  \\$atext$2rdacontent
=337  \\$acomputer$2rdamedia
=338  \\$aonline resource$2rdacarrier
=490  0\$aScottish Natural Heritage commissioned report ;$vno. 546
=504  \\$aIncludes bibliographical references.
=588  \\$aDescription based on online resource; title from PDF title page (viewed on August 28, 2013).
=650  \0$aGeese$xFeeding and feeds$zScotland$zGrampian.
=650  \0$aGeese$zScotland$zGrampian$xGeographical distribution.
=710  2\$aScottish Natural Heritage (Agency),$epublisher.
=856  40$uhttp://www.snh.org.uk/pdfs/publications/commissioned_reports/546.pdf
=859  \\$aELD$bebook
=852  41$aBritish Library$bHMNTS$jELD Digital store
=CAT  \\$a11384$b40$c20130724$lBLL01$h1349
=CAT  \\$a8141$b40$c20130828$lBLL01$h0946
=CAT  \\$a8141$b40$c20130828$lBLL01$h1053
=CAT  \\$aWR14.047$c20140417$lBLL01$h1646
=CAT  \\$aBATCH-UPD$b00$c20150526$lBLL01$h1048
=CAT  \\$aW1611-0868$c20161114$lBLL01$h1414
=CAT  \\$aW1711-1225$c20171203$lBLL01$h1053
=CAT  \\$aBATCH-UPD$b00$c20180220$lBLL01$h0730
=FIN  \\$aY$d20130828
=STA  \\$aSUPPRESSED$bunable to determine reason for suppression
=LAS  \\$aBATCH-UPD$b00$c20180220$lBLL01$h0730

