=LDR  01836 am a2200481 i 4500
=001  016458365
=003  Uk
=005  20130828105254.0
=006  m\\\\||\\d\|\\\\\\
=007  cr\|||||||||||
=008  130724s2013\\\\stka\\\\ob\\\\0|0\0|eng\\
=FMT  \\$a  BK
=015  \\$aGBB377743$2bnb
=020  \\$z9781853979286
=040  \\$aUk$beng$cUk$erda
=042  \\$aukblsr
=082  04$a577.7509411$223
=110  2\$aHambrey Consulting,$eauthor.
=245  14$aThe management of roadside verges for biodiversity /$cHambrey Consulting.
=264  \1$aInverness :$bScottish Natural Heritage,$c2013.
=300  \\$a1 online resource (vii, 87 pages) :$billustrations (colour).
=336  \\$atext$2rdacontent
=337  \\$acomputer$2rdamedia
=338  \\$aonline resource$2rdacarrier
=490  0\$aScottish Natural Heritage commissioned report ;$vno. 551
=504  \\$aIncludes bibliographical references.
=588  \\$aDescription based on online resource; title from PDF title page (viewed on August 28, 2013).
=650  \0$aRoadside ecology$zScotland$xManagement.
=650  \0$aBiodiversity conservation$zScotland.
=710  2\$aScottish Natural Heritage (Agency),$epublisher.
=856  40$uhttp://www.snh.org.uk/pdfs/publications/commissioned_reports/551.pdf
=859  \\$aELD$bebook
=852  41$aBritish Library$bHMNTS$jELD Digital store
=CAT  \\$a11384$b40$c20130724$lBLL01$h1357
=CAT  \\$a8141$b40$c20130828$lBLL01$h1044
=CAT  \\$a8141$b40$c20130828$lBLL01$h1052
=CAT  \\$aWR14.047$c20140417$lBLL01$h1646
=CAT  \\$aW1611-0868$c20161114$lBLL01$h1414
=CAT  \\$aW1711-1225$c20171203$lBLL01$h1053
=CAT  \\$aBATCH-UPD$b00$c20210628$lBLL01$h2020
=FIN  \\$aY$d20130828
=STA  \\$aSUPPRESSED$bunable to determine reason for suppression
=LAS  \\$aBATCH-UPD$b00$c20210628$lBLL01$h2020

