=LDR  02215 am a2200505 i 4500
=001  016458375
=003  Uk
=005  20130829113624.0
=006  m\\\\||\\d\|\\\\\\
=007  cr\|||||||||||
=008  130724s2013\\\\stkab\\\ob\\\\0|0\0|eng\\
=FMT  \\$a  BK
=015  \\$aGBB377755$2bnb
=020  \\$z9781853979316
=040  \\$aUk$beng$cUk$erda
=042  \\$aukblsr
=082  04$a333.78314094124$223
=100  1\$aOutram-Leman, Sven,$eauthor.
=245  10$aEcosystem service provision in the Cairngorms National Park :$bcase study of past and future management of geodiversity and biodiversity /$cOutram-Leman, S.
=264  \1$aInverness :$bScottish Natural Heritage,$c2013.
=300  \\$a1 online resource (86 pages) :$billustrations (black and white, and colour), maps (colour).
=336  \\$atext$2rdacontent
=337  \\$acomputer$2rdamedia
=338  \\$aonline resource$2rdacarrier
=490  0\$aScottish Natural Heritage commissioned report ;$vno. 554
=504  \\$aIncludes bibliographical references.
=588  \\$aDescription based on online resource; title from PDF title page (viewed on August 28, 2013).
=650  \0$aLandscape changes$zScotland$zCairngorms National Park.
=650  \0$aAgriculture$xEnvironmental aspects$zScotland$zCairngorms National Park.
=650  \0$aForests and forestry$xEnvironmental aspects$zScotland$zCairngorms National Park.
=650  \0$aOutdoor recreation$xEnvironmental aspects$zScotland$zCairngorms National Park.
=650  \0$aLand use$zScotland$zCairngorms National Park$xHistory.
=710  2\$aScottish Natural Heritage (Agency),$epublisher.
=856  40$uhttp://www.snh.org.uk/pdfs/publications/commissioned_reports/554.pdf
=859  \\$aELD$bebook
=852  41$aBritish Library$bHMNTS$jELD Digital store
=CAT  \\$a11384$b40$c20130724$lBLL01$h1404
=CAT  \\$a8141$b40$c20130828$lBLL01$h1156
=CAT  \\$a7332$b40$c20130829$lBLL01$h1136
=CAT  \\$aWR14.047$c20140417$lBLL01$h1646
=CAT  \\$aW1611-0868$c20161114$lBLL01$h1414
=CAT  \\$aW1711-1225$c20171203$lBLL01$h1053
=FIN  \\$aY$d20130828
=STA  \\$aSUPPRESSED$bunable to determine reason for suppression
=LAS  \\$aW1711-1225$b00$c20171203$lBLL01$h1053

