=LDR  02064 am a2200517 i 4500
=001  016458413
=003  Uk
=005  20130829075302.0
=006  m\\\\||\\d\|\\\\\\
=007  cr\|||||||||||
=008  130724s2013\\\\stk\\\\\o\\\\\0|0\0|eng\\
=FMT  \\$a  BK
=015  \\$aGBB377775$2bnb
=020  \\$z9781853979644
=040  \\$aUk$beng$cUk$erda
=042  \\$aukblsr
=082  04$a598.9423168$223
=100  1\$aHaworth, Paul F.,$d1951-$eauthor.
=245  10$aGF5 Golden eagle range report - Glen Etive and Glen Fyne Special Protection Area :$breport summary /$cHaworth, P., Fielding, A. & Austin, S.
=264  \1$aInverness :$bScottish Natural Heritage,$c2013.
=300  \\$a1 online resource (iii pages).
=336  \\$atext$2rdacontent
=337  \\$acomputer$2rdamedia
=338  \\$aonline resource$2rdacarrier
=490  0\$aScottish Natural Heritage commissioned report ;$vno. 578
=588  \\$aDescription based on online resource; title from PDF cover page (viewed on August 28, 2013).
=650  \0$aGolden eagle$xHabitat$xConservation$zScotland$zEtive, Glen.
=650  \0$aGolden eagle$xHabitat$xConservation$zScotland$zFyne, Glen.
=650  \0$aEndangered species$zScotland.
=700  1\$aFielding, Alan,$eauthor.
=700  1\$aAustin, S.,$eauthor.
=710  2\$aScottish Natural Heritage (Agency),$epublisher.
=856  40$uhttp://www.snh.org.uk/pdfs/publications/commissioned_reports/Summary/CR578summary.pdf
=859  \\$aELD$bebook
=852  41$aBritish Library$bHMNTS$jELD Digital store
=CAT  \\$a11384$b40$c20130724$lBLL01$h1437
=CAT  \\$a8141$b40$c20130828$lBLL01$h1431
=CAT  \\$a8141$b40$c20130829$lBLL01$h0753
=CAT  \\$aWR14.047$c20140417$lBLL01$h1646
=CAT  \\$aBATCH-UPD$b00$c20141211$lBLL01$h0448
=CAT  \\$aBATCH-UPD$b00$c20160309$lBLL01$h0837
=CAT  \\$aW1611-0868$c20161114$lBLL01$h1414
=CAT  \\$aW1711-1225$c20171203$lBLL01$h1053
=FIN  \\$aY$d20130828
=STA  \\$aSUPPRESSED$bunable to determine reason for suppression
=LAS  \\$aW1711-1225$b00$c20171203$lBLL01$h1053

