=LDR  02162 am a2200529 i 4500
=001  016458420
=003  Uk
=005  20130918091220.0
=006  m\\\\||\\d\|\\\\\\
=007  cr\|||||||||||
=008  130724s2013\\\\stka\\\\ob\\\\0|0\0|eng\\
=FMT  \\$a  BK
=015  \\$aGBB378547$2bnb
=020  \\$z9781853979774
=040  \\$aUk$beng$cUk$erda
=042  \\$aukblsr
=082  04$a621.3121360288$223
=100  1\$aKeogh, Darren,$eauthor.
=245  10$aResearch and guidance on restoration and decommissioning of onshore wind farms /$cMain authors: SLR Consulting Ltd - Jean Welstead (editor), Dr. Darren Keogh, Gordon Robb, Bob Bainsfair, Applied Ecology Ltd - Dr. Rachel Hirst.
=264  \1$aInverness :$bScottish Natural Heritage,$c2013.
=300  \\$a1 online resource (vi, 103 pages) :$billustrations (colour).
=336  \\$atext$2rdacontent
=337  \\$acomputer$2rdamedia
=338  \\$aonline resource$2rdacarrier
=490  0\$aScottish Natural Heritage commissioned report ;$vno. 591
=504  \\$aIncludes bibliographical references.
=588  \\$aDescription based on online resource; title from PDF title page (viewed on September 3, 2013).
=650  \0$aWind power plants$xConservation and restoration.
=650  \0$aWind power plants$xEnvironmental aspects.
=700  1\$aRobb, Gordon,$eauthor.
=700  1\$aBainsfair, Bob,$eauthor.
=700  1\$aHirst, Rachel,$eauthor.
=700  1\$aWelstead, Jean,$eeditor.
=710  2\$aScottish Natural Heritage (Agency),$epublisher.
=856  40$uhttp://www.snh.org.uk/pdfs/publications/commissioned_reports/591.pdf
=859  \\$aELD$bebook
=852  41$aBritish Library$bHMNTS$jELD Digital store
=CAT  \\$a11384$b40$c20130724$lBLL01$h1443
=CAT  \\$a8141$b40$c20130903$lBLL01$h0902
=CAT  \\$a8141$b40$c20130903$lBLL01$h0908
=CAT  \\$a7332$b40$c20130918$lBLL01$h0912
=CAT  \\$aWR14.047$c20140417$lBLL01$h1646
=CAT  \\$aW1611-0868$c20161114$lBLL01$h1414
=CAT  \\$aW1711-1225$c20171203$lBLL01$h1053
=FIN  \\$aY$d20130903
=STA  \\$aSUPPRESSED$bunable to determine reason for suppression
=LAS  \\$aW1711-1225$b00$c20171203$lBLL01$h1053

