=LDR  01866 am a2200481 i 4500
=001  016458438
=003  Uk
=005  20130903095721.0
=006  m\\\\||\\d\|\\\\\\
=007  cr\|||||||||||
=008  130724s2013\\\\enka\\\\o\\\\\0|0\0|eng\\
=FMT  \\$a  BK
=015  \\$aGBB378553$2bnb
=040  \\$aUk$beng$cUk$erda
=042  \\$aukblsr
=082  04$a352.140684$223
=245  00$aManaging customer demand :$bunderstanding and changing behaviours to help meet the financial challenge.
=246  13$aDemand management
=264  \1$aLondon :$bLocal Government Association,$c[May 2013]
=300  \\$a1 online resource (34 pages) :$billustrations (colour)
=336  \\$atext$2rdacontent
=337  \\$acomputer$2rdamedia
=338  \\$aonline resource$2rdacarrier
=500  \\$a"Improvement."
=588  \\$aDescription based on online resource; title from PDF cover page (viewed on September 3, 2013).
=650  \0$aMunicipal services$zEngland$xManagement.
=650  \0$aMunicipal services$zWales$xManagement.
=650  \0$aCustomer relations$xManagement.
=650  \0$aLocal government$zEngland.
=650  \0$aLocal government$zWales.
=710  2\$aLocal Government Association (England and Wales),$epublisher.
=856  40$uhttp://www.local.gov.uk/c/document_library/get_file?uuid=29a0646f-0f20-4c36-b64e-883c6dafe85c&groupId=10171
=859  \\$aELD$bebook
=852  41$aBritish Library$bHMNTS$jELD Digital store
=CAT  \\$a11384$b40$c20130724$lBLL01$h1530
=CAT  \\$a8141$b40$c20130903$lBLL01$h0956
=CAT  \\$a8141$b40$c20130903$lBLL01$h0957
=CAT  \\$aWR14.047$c20140417$lBLL01$h1646
=CAT  \\$aW1611-0868$c20161114$lBLL01$h1414
=CAT  \\$aW1711-1225$c20171203$lBLL01$h1053
=FIN  \\$aY$d20130903
=STA  \\$aSUPPRESSED$bunable to determine reason for suppression
=LAS  \\$aW1711-1225$b00$c20171203$lBLL01$h1053

