=LDR  01800 am a2200469 i 4500
=001  016458443
=003  Uk
=005  20130905075400.0
=006  m\\\\||\\d\|\\\\\\
=007  cr\|||||||||||
=008  130724s2013\\\\enka\\\\ob\\\\0|0\0|eng\\
=FMT  \\$a  BK
=015  \\$aGBB378561$2bnb
=040  \\$aUk$beng$cUk$erda
=042  \\$aukblsr
=082  04$a352.42140942$223
=110  2\$aLocal Government Association (England and Wales),$eauthor.
=245  10$aFuture funding outlook of AnyCounty Council.
=264  \1$aLondon :$bLocal Government Association,$cJuly 2013.
=300  \\$a1 online resource (19 pages) :$billustrations (colour)
=336  \\$atext$2rdacontent
=337  \\$acomputer$2rdamedia
=338  \\$aonline resource$2rdacarrier
=500  \\$a"Rewiring public services."
=504  \\$aIncludes bibliographical references.
=588  \\$aDescription based on online resource; title from PDF cover page (viewed on September 3, 2013).
=650  \0$aCounty services$zEngland$xFinance.
=650  \0$aCounty services$zWales$xFinance.
=650  \0$aCounty councils$zEngland$xManagement.
=650  \0$aCounty councils$zWales$xManagement.
=856  40$uhttp://www.local.gov.uk/c/document_library/get_file?uuid=625f9720-c532-4810-87e2-529b3ce355de&groupId=10171
=859  \\$aELD$bebook
=852  41$aBritish Library$bHMNTS$jELD Digital store
=CAT  \\$a11384$b40$c20130724$lBLL01$h1540
=CAT  \\$a8141$b40$c20130903$lBLL01$h1104
=CAT  \\$a8141$b40$c20130905$lBLL01$h0754
=CAT  \\$aWR14.047$c20140417$lBLL01$h1646
=CAT  \\$aW1611-0868$c20161114$lBLL01$h1414
=CAT  \\$aW1711-1225$c20171203$lBLL01$h1053
=FIN  \\$aY$d20130903
=STA  \\$aSUPPRESSED$bunable to determine reason for suppression
=LAS  \\$aW1711-1225$b00$c20171203$lBLL01$h1053

