=LDR  01932 am a2200493 i 4500
=001  016458450
=003  Uk
=005  20130903114943.0
=006  m\\\\||\\d\|\\\\\\
=007  cr\|||||||||||
=008  130724s2013\\\\enka\\\\o\\\\\0|0\0|eng\\
=FMT  \\$a  BK
=015  \\$aGBB378573$2bnb
=040  \\$aUk$beng$cUk$erda
=042  \\$aukblsr
=082  04$a336.01442$223
=110  2\$aLocal Government Association (England and Wales),$eauthor.
=245  10$aRewiring public services.$pEconomic growth.
=264  \1$aLondon :$bLocal Government Association,$c[July 2013]
=300  \\$a1 online resource (10 pages) :$billustrations (colour)
=336  \\$atext$2rdacontent
=337  \\$acomputer$2rdamedia
=338  \\$aonline resource$2rdacarrier
=500  \\$a"Rejuvenating democracy."
=500  \\$aPublisher's reference: L13-475."
=588  \\$aDescription based on online resource; title from PDF cover page (viewed on September 3, 2013).
=650  \0$aLocal finance$zEngland$xManagement.
=650  \0$aLocal government$zEngland$xManagement.
=650  \0$aLocal government$zEngland$xFinance.
=650  \0$aLocal government$zEngland$xCitizen participation.
=650  \0$aDecentralization in government$xEconomic aspects$zEngland.
=650  \0$aEconomic development$zEngland.
=856  40$uhttp://www.local.gov.uk/c/document_library/get_file?uuid=c14d5447-52f5-44b7-a20d-579fd444c63e&groupId=10171
=859  \\$aELD$bebook
=852  41$aBritish Library$bHMNTS$jELD Digital store
=CAT  \\$a11384$b40$c20130724$lBLL01$h1546
=CAT  \\$a8141$b40$c20130903$lBLL01$h1143
=CAT  \\$a8141$b40$c20130903$lBLL01$h1149
=CAT  \\$aWR14.047$c20140417$lBLL01$h1646
=CAT  \\$aW1611-0868$c20161114$lBLL01$h1414
=CAT  \\$aW1711-1225$c20171203$lBLL01$h1053
=FIN  \\$aY$d20130903
=STA  \\$aSUPPRESSED$bunable to determine reason for suppression
=LAS  \\$aW1711-1225$b00$c20171203$lBLL01$h1053

