=LDR  01761 am a22004573i 4500
=001  016458455
=003  Uk
=005  20130903120417.0
=006  m\\\\||\\d\|\\\\\\
=007  cr\|||||||||||
=008  130724s2013\\\\enk\\\\\o\\\\\0|0\0|eng\\
=FMT  \\$a  BK
=015  \\$aGBB378574$2bnb
=040  \\$aUk$beng$cUk$erda
=042  \\$aukblsr
=082  04$a336.01442$223
=110  2\$aLocal Government Association (England and Wales),$eauthor.
=245  10$aRewiring public services.$pFinancial sustainability.
=264  \1$aLondon :$bLocal Government Association,$c[July 2013]
=300  \\$a1 online resource (14 pages) :$billustrations (colour)
=336  \\$atext$2rdacontent
=337  \\$acomputer$2rdamedia
=338  \\$aonline resource$2rdacarrier
=500  \\$a"Rejuvenating democracy."
=500  \\$aPublisher's reference: L13-474."
=588  \\$aDescription based on online resource; title from PDF cover page (viewed on September 3, 2013).
=650  \0$aLocal finance$zEngland.
=650  \0$aLocal finance$zEngland$xManagement.
=650  \0$aDecentralization in government$xEconomic aspects$zEngland.
=856  40$uhttp://www.local.gov.uk/c/document_library/get_file?uuid=cf5d96eb-b75e-47f9-b237-c5bbc8c7a788&groupId=10171
=859  \\$aELD$bebook
=852  41$aBritish Library$bHMNTS$jELD Digital store
=CAT  \\$a11384$b40$c20130724$lBLL01$h1550
=CAT  \\$a8141$b40$c20130903$lBLL01$h1200
=CAT  \\$a8141$b40$c20130903$lBLL01$h1204
=CAT  \\$aWR14.047$c20140417$lBLL01$h1646
=CAT  \\$aW1611-0868$c20161114$lBLL01$h1414
=CAT  \\$aW1711-1225$c20171203$lBLL01$h1053
=FIN  \\$aY$d20130903
=STA  \\$aSUPPRESSED$bunable to determine reason for suppression
=LAS  \\$aW1711-1225$b00$c20171203$lBLL01$h1053

