=LDR  01852 am a2200481 i 4500
=001  016458461
=003  Uk
=005  20130903124346.0
=006  m\\\\||\\d\|\\\\\\
=007  cr\|||||||||||
=008  130724s2013\\\\enka\\\\o\\\\\0|0\0|eng\\
=FMT  \\$a  BK
=015  \\$aGBB378580$2bnb
=040  \\$aUk$beng$cUk$erda
=042  \\$aukblsr
=082  04$a320.80942$223
=110  2\$aLocal Government Association (England and Wales),$eauthor.
=245  10$aRewiring public services.
=264  \1$aLondon :$bLocal Government Association,$c[July 2013]
=300  \\$a1 online resource (25 pages) :$billustrations (colour)
=336  \\$atext$2rdacontent
=337  \\$acomputer$2rdamedia
=338  \\$aonline resource$2rdacarrier
=500  \\$a"Rejuvenating democracy."
=500  \\$aPublisher's reference: L13-524."
=588  \\$aDescription based on online resource; title from PDF cover page (viewed on September 3, 2013).
=650  \0$aLocal government$zEngland$xCitizen participation.
=650  \0$aLocal government$zEngland$xAdministration.
=650  \0$aLocal finance$zEngland.
=650  \0$aCounty services$zEngland$xAdministration.
=650  \0$aCentral-local government relations$zEngland.
=856  40$uhttp://www.local.gov.uk/c/document_library/get_file?uuid=bb5e05ab-1418-41e1-bac6-85ecd79da61f&groupId=10171
=859  \\$aELD$bebook
=852  41$aBritish Library$bHMNTS$jELD Digital store
=CAT  \\$a11384$b40$c20130724$lBLL01$h1554
=CAT  \\$a11384$b40$c20130724$lBLL01$h1558
=CAT  \\$a8141$b40$c20130903$lBLL01$h1243
=CAT  \\$aWR14.047$c20140417$lBLL01$h1646
=CAT  \\$aW1611-0868$c20161114$lBLL01$h1414
=CAT  \\$aW1711-1225$c20171203$lBLL01$h1053
=FIN  \\$aY$d20130903
=STA  \\$aSUPPRESSED$bunable to determine reason for suppression
=LAS  \\$aW1711-1225$b00$c20171203$lBLL01$h1053

