=LDR  01827 am a2200469 i 4500
=001  016458491
=003  Uk
=005  20130905083004.0
=006  m\\\\||\\d\|\\\\\\
=007  cr\|||||||||||
=008  130724s2013\\\\enk\\\\\ob\\\\0|0\0|eng\\
=FMT  \\$a  BK
=015  \\$aGBB380877$2bnb
=040  \\$aUk$beng$cUk$erda
=042  \\$aukblsr
=082  04$a338.942$223
=110  2\$aLocal Government Association (England and Wales),$eauthor.
=245  10$aInvesting in local economic growth :$bthe LGA's offer of support to councils 2013/14.
=264  \1$aLondon :$bLocal Government Association,$c[June 2013]
=300  \\$a1 online resource (3 pages, 1 unnumbered page)
=336  \\$atext$2rdacontent
=337  \\$acomputer$2rdamedia
=338  \\$aonline resource$2rdacarrier
=500  \\$aPublisher's reference: L13-432.
=504  \\$aIncludes bibliographical references.
=588  \\$aDescription based on online resource; title from PDF caption title (viewed on September 5, 2013).
=610  20$aLocal Government Association (England and Wales)
=650  \0$aEconomic development$zEngland.
=650  \0$aEconomic development$zWales.
=650  \0$aCounty government$zEngland.
=650  \0$aCounty government$zWales.
=856  40$uhttp://www.local.gov.uk/c/document_library/get_file?uuid=a98ed520-473a-45be-8f10-ce85af4da555&groupId=10171
=859  \\$aELD$bebook
=852  41$aBritish Library$bHMNTS$jELD Digital store
=CAT  \\$a11384$b40$c20130724$lBLL01$h1629
=CAT  \\$a8141$b40$c20130905$lBLL01$h0830
=CAT  \\$aWR14.047$c20140417$lBLL01$h1646
=CAT  \\$aW1611-0868$c20161114$lBLL01$h1414
=CAT  \\$aW1711-1225$c20171203$lBLL01$h1053
=FIN  \\$aY$d20130905
=STA  \\$aSUPPRESSED$bunable to determine reason for suppression
=LAS  \\$aW1711-1225$b00$c20171203$lBLL01$h1053

