=LDR  01991 am a2200481 i 4500
=001  016458506
=003  Uk
=005  20130905114505.0
=006  m\\\\||\\d\|\\\\\\
=007  cr\|||||||||||
=008  130724s2013\\\\enka\\\\ob\\\\0|0\0|eng\\
=FMT  \\$a  BK
=015  \\$aGBB380909$2bnb
=040  \\$aUk$beng$cUk$erda
=042  \\$aukblsr
=082  04$a363.690942$223
=110  2\$aLocal Government Association (England and Wales),$eauthor.
=245  10$aMaking the most of your heritage assets :$bthe future of local historic environment services.
=264  \1$aLondon :$bLocal Government Association,$c[July 2013]
=300  \\$a1 online resource (39 pages) :$billustrations (colour)
=336  \\$atext$2rdacontent
=337  \\$acomputer$2rdamedia
=338  \\$aonline resource$2rdacarrier
=500  \\$a"Culture, tourism and sport."
=500  \\$aPublisher's reference: L13-374.
=504  \\$aIncludes bibliographical references.
=588  \\$aDescription based on online resource; title from PDF cover page (viewed on September 5, 2013).
=650  \0$aCultural property$zEngland$xManagement$vCase studies.
=650  \0$aCultural property$xEconomic aspects$zEngland$vCase studies.
=650  \0$aHistoric sites$xConservation and restoration$zEngland$vCase studies.
=650  \0$aHistoric sites$xEconomic aspects$zEngland$vCase studies.
=710  2\$aEnglish Heritage,$eauthor.
=856  40$uhttp://www.local.gov.uk/c/document_library/get_file?uuid=b63ee8ed-ed72-4f35-abc6-0d94bf2cfee5&groupId=10171
=859  \\$aELD$bebook
=852  41$aBritish Library$bHMNTS$jELD Digital store
=CAT  \\$a11384$b40$c20130724$lBLL01$h1640
=CAT  \\$a8141$b40$c20130905$lBLL01$h1145
=CAT  \\$aWR14.047$c20140417$lBLL01$h1646
=CAT  \\$aW1611-0868$c20161114$lBLL01$h1414
=CAT  \\$aW1711-1225$c20171203$lBLL01$h1053
=FIN  \\$aY$d20130905
=STA  \\$aSUPPRESSED$bunable to determine reason for suppression
=LAS  \\$aW1711-1225$b00$c20171203$lBLL01$h1053

