=LDR  01967 am a2200505 i 4500
=001  016458515
=003  Uk
=005  20130905093114.0
=006  m\\\\||\\d\|\\\\\\
=007  cr\|||||||||||
=008  130724s2013\\\\enka\\\\ob\\\\0|0\0|eng\\
=FMT  \\$a  BK
=015  \\$aGBB380886$2bnb
=040  \\$aUk$beng$cUk$erda
=042  \\$aukblsr
=082  04$a364.1628669$223
=110  2\$aLocal Government Association (England and Wales),$eauthor.
=245  10$aLet's prove our mettle :$ba toolkit to tackle metal theft.
=250  \\$a[New edition].
=264  \1$aLondon :$bLocal Government Association,$c[July 2013]
=300  \\$a1 online resource (38 pages) :$billustrations (colour)
=336  \\$atext$2rdacontent
=337  \\$acomputer$2rdamedia
=338  \\$aonline resource$2rdacarrier
=500  \\$a"Community safety, policing and fire services."
=500  \\$aPublisher's referemce: L13-570.
=504  \\$aIncludes bibliographical references.
=588  \\$aDescription based on online resource; title from PDF cover page (viewed on September 5, 2013).
=650  \0$aMetal theft$zEngland.
=650  \0$aMetal theft$zWales.
=650  \0$aMetal theft$zEngland$xPrevention.
=650  \0$aMetal theft$zWales$xPrevention.
=650  \0$aScrap metal industry$xLaw and legislation$zEngland.
=650  \0$aScrap metal industry$xLaw and legislation$zWales.
=856  40$uhttp://www.local.gov.uk/c/document_library/get_file?uuid=bd875cd5-a94a-45b4-aafa-4681f7ac80bc&groupId=10171
=859  \\$aELD$bebook
=852  41$aBritish Library$bHMNTS$jELD Digital store
=CAT  \\$a11384$b40$c20130724$lBLL01$h1649
=CAT  \\$a8141$b40$c20130905$lBLL01$h0931
=CAT  \\$aWR14.047$c20140417$lBLL01$h1646
=CAT  \\$aW1611-0868$c20161114$lBLL01$h1414
=CAT  \\$aW1711-1225$c20171203$lBLL01$h1053
=FIN  \\$aY$d20130905
=STA  \\$aSUPPRESSED$bunable to determine reason for suppression
=LAS  \\$aW1711-1225$b00$c20171203$lBLL01$h1053

