=LDR  01844 am a2200481 i 4500
=001  016458520
=003  Uk
=005  20130905090554.0
=006  m\\\\||\\d\|\\\\\\
=007  cr\|||||||||||
=008  130724s2013\\\\enka\\\\ob\\\\0|0\0|eng\\
=FMT  \\$a  BK
=015  \\$aGBB380880$2bnb
=040  \\$aUk$beng$cUk$erda
=042  \\$aukblsr
=082  04$a362.10942$223
=245  00$aImmunisation and screening :$bLocal government's new public health role.
=264  \1$aLondon :$bLocal Government Association,$c[July 2013]
=300  \\$a1 online resource (14 pages) :$billustrations (colour)
=336  \\$atext$2rdacontent
=337  \\$acomputer$2rdamedia
=338  \\$aonline resource$2rdacarrier
=500  \\$a"Health, adult and social care."
=504  \\$aIncludes bibliographical references.
=588  \\$aDescription based on online resource; title from PDF cover page (viewed on September 5, 2013).
=650  \0$aVaccination$zEngland.
=650  \0$aVaccination$zWales.
=650  \0$aMedical screening$zEngland.
=650  \0$aMedical screening$zWales.
=650  \0$aCommunity health services$zEngland.
=650  \0$aCommunity health services$zWales.
=710  2\$aLocal Government Association (England and Wales),$epublisher.
=856  40$uhttp://www.local.gov.uk/c/document_library/get_file?uuid=897f0977-83ab-4723-92e4-9790bf06b9a3&groupId=10171
=859  \\$aELD$bebook
=852  41$aBritish Library$bHMNTS$jELD Digital store
=CAT  \\$a11384$b40$c20130724$lBLL01$h1653
=CAT  \\$a8141$b40$c20130905$lBLL01$h0905
=CAT  \\$aWR14.047$c20140417$lBLL01$h1646
=CAT  \\$aW1611-0868$c20161114$lBLL01$h1414
=CAT  \\$aW1711-1225$c20171203$lBLL01$h1053
=FIN  \\$aY$d20130905
=STA  \\$aSUPPRESSED$bunable to determine reason for suppression
=LAS  \\$aW1711-1225$b00$c20171203$lBLL01$h1053

