=LDR  02478 am a2200541 i 4500
=001  016458742
=003  Uk
=005  20130731104740.0
=006  m\\\\||\\d\|\\\\\\
=007  cr\|||||||||||
=008  130725s2013\\\\enka|||\ob\\\\0||\0|eng\\
=FMT  \\$a  BK
=015  \\$aGBB367079$2bnb
=040  \\$aUk$beng$cUk$erda
=042  \\$aukblsr
=082  04$a616.86106$223
=100  1\$aWatson, J. M.$q(Judith M.),$eauthor.
=245  10$aAESOPS :$ba randomised controlled trial of the clinical effectiveness and cost-effectiveness of opportunistic screening and stepped care interventions for older hazardous alcohol users in primary care /$cJM Watson [and thirteen others].
=246  30$aRandomised controlled trial of the clinical effectiveness and cost-effectiveness of opportunistic screening and stepped care interventions for older hazardous alcohol users in primary care
=264  \1$aSouthampton :$bNIHR Journals Library,$cJune 2013.
=300  \\$a1 online resource (xiv, 157 pages) :$billustrations (black and white).
=336  \\$atext$2rdacontent
=337  \\$acomputer$2rdamedia
=338  \\$aonline resource$2rdacarrier
=490  1\$aHealth technology assessment,$x1366-5278 ;$vvolume 17, issue 25
=504  \\$aIncludes bibliographical references.
=530  \\$aAlso issued in print format.
=588  \\$aDescription based on online resource; title from PDF title page (viewed on July 31, 2013).
=650  \0$aAlcoholism$xTreatment.
=650  \0$aClinical trials$zGreat Britain.
=710  2\$aNIHR Journals Library,$epublisher.
=710  2\$aNational Institute for Health Research.
=830  \0$aHealth technology assessment (Winchester, England),$vvolume 17, issue 25.
=856  40$uhttp://www.journalslibrary.nihr.ac.uk/__data/assets/pdf_file/0009/73845/FullReport-hta17250.pdf
=859  \\$aELD$bebook
=852  41$aBritish Library$bHMNTS$jELD Digital store
=CAT  \\$a10902$b40$c20130725$lBLL01$h1406
=CAT  \\$a11281$b40$c20130731$lBLL01$h0744
=CAT  \\$a11281$b40$c20130731$lBLL01$h0749
=CAT  \\$a11281$b40$c20130731$lBLL01$h0837
=CAT  \\$a11281$b40$c20130731$lBLL01$h0938
=CAT  \\$a11281$b40$c20130731$lBLL01$h1047
=CAT  \\$aWR14.047$c20140417$lBLL01$h1646
=CAT  \\$aW1611-0868$c20161114$lBLL01$h1414
=CAT  \\$aW1711-1225$c20171203$lBLL01$h1053
=FIN  \\$aY$d20130731
=STA  \\$aSUPPRESSED$bunable to determine reason for suppression
=LAS  \\$aW1711-1225$b00$c20171203$lBLL01$h1053

