=LDR  02146 am a2200517 i 4500
=001  016458747
=003  Uk
=005  20130730091856.0
=006  m\\\\||\\d\|\\\\\\
=007  cr\|||||||||||
=008  130725s2013\\\\enk||||\ob\\\\0||\0|eng\\
=FMT  \\$a  BK
=015  \\$aGBB365301$2bnb
=040  \\$aUk$beng$cUk$erda
=042  \\$aukblsr
=082  04$a616.891425$223
=100  10$aWillner, Paul,$eauthor.
=245  12$aA cluster randomised controlled trial of a manualised cognitive-behavioural anger management intervention delivered by supervised lay therapists to people with intellectual disabilities /$cP Willner [and fifteen others].
=264  \1$aSouthampton :$bNIHR Journals Library,$cMay 2013.
=300  \\$a1 online resource (xv, 173 pages).
=336  \\$atext$2rdacontent
=337  \\$acomputer$2rdamedia
=338  \\$aonline resource$2rdacarrier
=490  1\$aHealth technology assessment,$x1366-5278 ;$vvolume 17, issue 21
=504  \\$aIncludes bibliographical references.
=530  \\$aAlso issued in print format
=588  \\$aDescription based on online resource; title from PDF title page (viewed on July 30, 2013).
=650  \0$aCognitive therapy$xEvaluation.
=650  \0$aAnger.
=650  \0$aClinical trials$zGreat Britain.
=710  2\$aNIHR Journals Library,$epublisher.
=710  2\$aNational Institute for Health Research.
=830  \0$aHealth technology assessment (Winchester, England),$vvolume 17, issue 21.
=856  40$uhttp://www.journalslibrary.nihr.ac.uk/__data/assets/pdf_file/0011/69986/FullReport-hta17210.pdf
=859  \\$aELD$bebook
=852  41$aBritish Library$bHMNTS$jELD Digital store
=CAT  \\$a10902$b40$c20130725$lBLL01$h1417
=CAT  \\$a11281$b40$c20130730$lBLL01$h0917
=CAT  \\$a11281$b40$c20130730$lBLL01$h0918
=CAT  \\$aWR14.047$c20140417$lBLL01$h1646
=CAT  \\$aW1611-0868$c20161114$lBLL01$h1414
=CAT  \\$aBATCH-UPD$b00$c20161114$lBLL01$h1417
=CAT  \\$aW1711-1225$c20171203$lBLL01$h1053
=FIN  \\$aY$d20130730
=STA  \\$aSUPPRESSED$bunable to determine reason for suppression
=LAS  \\$aW1711-1225$b00$c20171203$lBLL01$h1053

