=LDR  02330 am a2200529 i 4500
=001  016458765
=003  Uk
=005  20130731104727.0
=006  m\\\\||\\d\|\\\\\\
=007  cr\|||||||||||
=008  130725s2013\\\\enka|||\ob\\\\0||\0|eng\\
=FMT  \\$a  BK
=015  \\$aGBB367087$2bnb
=040  \\$aUk$beng$cUk$erda
=042  \\$aukblsr
=082  04$a616.65$223
=100  1\$aMowatt, G.$q(Graham),$eauthor.
=245  14$aThe diagnostic accuracy and cost-effectiveness of magnetic resonance spectroscopy and enhanced magnetic resonance imaging techniques in aiding the localisation of prostate abnormalities for biopsy :$ba systematic review and economic evaluation /$cG Mowatt [and eleven others].
=264  \1$aSouthampton :$bNIHR Journals Library,$cMay 2013.
=300  \\$a1 online resource (xx, 281 pages) :$billustrations (black and white).
=336  \\$atext$2rdacontent
=337  \\$acomputer$2rdamedia
=338  \\$aonline resource$2rdacarrier
=490  1\$aHealth technology assessment,$x1366-5278 ;$vvolume 17, issue 20
=504  \\$aIncludes bibliographical references.
=530  \\$aAlso issued in print format.
=588  \\$aDescription based on online resource; title from PDF title page (viewed on July 31, 2013).
=650  \0$aProstate$xDiseases$xDiagnosis.
=650  \0$aMagnetic resonance imaging$xDiagnostic use.
=710  2\$aNIHR Journals Library,$epublisher.
=710  2\$aNational Institute for Health Research.
=830  \0$aHealth technology assessment (Winchester, England),$vvolume 17, issue 20.
=856  40$uhttp://www.journalslibrary.nihr.ac.uk/__data/assets/pdf_file/0010/69994/FullReport-hta17200.pdf
=859  \\$aELD$bebook
=852  41$aBritish Library$bHMNTS$jELD Digital store
=CAT  \\$a10902$b40$c20130725$lBLL01$h1429
=CAT  \\$a11281$b40$c20130731$lBLL01$h0900
=CAT  \\$a11281$b40$c20130731$lBLL01$h0938
=CAT  \\$a11281$b40$c20130731$lBLL01$h1047
=CAT  \\$aWR14.047$c20140417$lBLL01$h1646
=CAT  \\$aW1611-0868$c20161114$lBLL01$h1414
=CAT  \\$aBATCH-UPD$b00$c20161114$lBLL01$h1417
=CAT  \\$aBATCH-UPD$b00$c20170602$lBLL01$h1018
=CAT  \\$aW1711-1225$c20171203$lBLL01$h1053
=FIN  \\$aY$d20130731
=STA  \\$aSUPPRESSED$bunable to determine reason for suppression
=LAS  \\$aW1711-1225$b00$c20171203$lBLL01$h1053

