=LDR  01900 am a2200517 i 4500
=001  016458769
=003  Uk
=005  20130809094544.0
=006  m\\\\||\\d\|\\\\\\
=007  cr\|||||||||||
=008  130725s2013\\\\enk\\\\\ob\\\|0|0\0|eng\\
=FMT  \\$a  BK
=015  \\$aGBB370480$2bnb
=020  \\$z9780101860826 (paperback)
=040  \\$aUk$beng$cUk$erda
=042  \\$aukblsr
=082  04$a347.42077$223
=110  1\$aGreat Britain.$bMinistry of Justice,$eauthor.
=245  10$aFee remissions for the courts and tribunals.
=264  \1$aNorwich :$bTSO (The Stationery Office),$c[2013]
=300  \\$a1 online resource (61 pages).
=336  \\$atext$2rdacontent
=337  \\$acomputer$2rdamedia
=338  \\$aonline resource$2rdacarrier
=490  1\$aConsultation paper ;$vCP15/2013
=500  \\$a"Cm 8608."
=500  \\$a"July 2013."
=504  \\$aIncludes bibliographical references.
=530  \\$aAlso issued in print format.
=588  \\$aDescription based on online resource; title from PDF cover page (viewed on August 9, 2013).
=650  \0$aCosts (Law)$zEngland.
=650  \0$aCosts (Law)$zWales.
=650  \0$aCourts$zEngland.
=650  \0$aCourts$zWales.
=830  \0$aConsultation paper (Great Britain. Ministry of Justice) ;$vCP15/2013.
=856  40$uhttps://consult.justice.gov.uk/digital-communications/fee-remissions-court-tribunals/supporting_documents/feeremissionscourtstribunals.pdf
=859  \\$aELD$bebook
=852  41$aBritish Library$bHMNTS$jELD Digital store
=CAT  \\$a12664$b40$c20130725$lBLL01$h1431
=CAT  \\$a8141$b40$c20130809$lBLL01$h0945
=CAT  \\$aWR14.047$c20140417$lBLL01$h1646
=CAT  \\$aW1611-0868$c20161114$lBLL01$h1414
=CAT  \\$aW1711-1225$c20171203$lBLL01$h1053
=FIN  \\$aY$d20130809
=STA  \\$aSUPPRESSED$bunable to determine reason for suppression
=LAS  \\$aW1711-1225$b00$c20171203$lBLL01$h1053

