=LDR  01865 am a2200445 i 4500
=001  016458775
=003  Uk
=005  20130829083116.0
=006  m\\\\||\\d\|\\\\\\
=007  cr\|||||||||||
=008  130725s2013\\\\enka\\\\o\\\\|0|0\0|eng\\
=FMT  \\$a  BK
=015  \\$aGBB377804$2bnb
=040  \\$aUk$beng$cUk$erda
=042  \\$aukblsr
=082  04$a362.5860941$223
=245  00$aCourt and tribunal fee remission reform.
=264  \1$a[London] :$bMinistry of Justice,$c17 April 2013.
=300  \\$a1 online resource (29 pages) :$b3 illustrations (colour)
=336  \\$atext$2rdacontent
=337  \\$acomputer$2rdamedia
=338  \\$aonline resource$2rdacarrier
=500  \\$a"Summary: Intervention and Options."
=500  \\$a"Impact Assessment (IA); Date: 17 April 2013; Stage: Consultation; Source of intervention: Domestic; Type of measure: Secondary legislation."
=588  \\$aDescription based on online resource; title from PDF caption title (viewed on August 29, 2013).
=650  \0$aLegal assistance to the poor$zGreat Britain$xCosts.
=650  \0$aLegal assistance to the poor$xGovernment policy$zGreat Britain$xCosts.
=650  \0$aCosts (Law)$zGreat Britain.
=710  1\$aGreat Britain.$bMinistry of Justice,$eissuing body.
=856  40$uhttps://consult.justice.gov.uk/digital-communications/fee-remissions-court-tribunals/supporting_documents/feeremissionsia.pdf
=859  \\$aELD$bebook
=852  41$aBritish Library$bHMNTS$jELD Digital store
=CAT  \\$a12664$b40$c20130725$lBLL01$h1436
=CAT  \\$a8141$b40$c20130829$lBLL01$h0831
=CAT  \\$aWR14.047$c20140417$lBLL01$h1646
=CAT  \\$aW1611-0868$c20161114$lBLL01$h1414
=CAT  \\$aW1711-1225$c20171203$lBLL01$h1053
=FIN  \\$aY$d20130829
=STA  \\$aSUPPRESSED$bunable to determine reason for suppression
=LAS  \\$aW1711-1225$b00$c20171203$lBLL01$h1053

