=LDR  02067 am a2200493 i 4500
=001  016458779
=003  Uk
=005  20130820092619.0
=006  m\\\\||\\d\|\\\\\\
=007  cr\|||||||||||
=008  130725s2013\\\\enka|||\ob\\\\0||\0|eng\\
=FMT  \\$a  BK
=015  \\$aGBB365315$2bnb
=040  \\$aUk$beng$cUk$erda
=042  \\$aukblsr
=082  04$a616.238061$223
=100  1\$aMeadows, A.$q(Angela),$eauthor.
=245  12$aA systematic review and economic evaluation of subcutaneous and sublingual allergen immunotherapy in adults and children with seasonal allergic rhinitis /$cA Meadows [and seven others].
=264  \1$aSouthampton :$bNIHR Journals Library,$cJuly 2013.
=300  \\$a1 online resource (xiv, 322 pages) :$billustrations (black and white).
=336  \\$atext$2rdacontent
=337  \\$acomputer$2rdamedia
=338  \\$aonline resource$2rdacarrier
=490  1\$aHealth technology assessment,$x1366-5278 ;$vvolume 17, issue 27
=504  \\$aIncludes bibliographical references.
=530  \\$aAlso issued in print format
=588  \\$aDescription based on online resource; title from PDF title page (viewed on July 30, 2013).
=650  \0$aRhinitis$xTreatment.
=650  \0$aClinical trials$zGreat Britain.
=710  2\$aNIHR Journals Library,$epublisher.
=710  2\$aNational Institute for Health Research.
=830  \0$aHealth technology assessment (Winchester, England),$vvolume 17, issue 27.
=856  40$uhttp://www.journalslibrary.nihr.ac.uk/__data/assets/pdf_file/0005/75092/FullReport-hta17270.pdf
=859  \\$aELD$bebook
=852  41$aBritish Library$bHMNTS$jELD Digital store
=CAT  \\$a10902$b40$c20130725$lBLL01$h1438
=CAT  \\$a11281$b40$c20130730$lBLL01$h1054
=CAT  \\$a7332$b40$c20130820$lBLL01$h0926
=CAT  \\$aWR14.047$c20140417$lBLL01$h1646
=CAT  \\$aW1611-0868$c20161114$lBLL01$h1414
=CAT  \\$aW1711-1225$c20171203$lBLL01$h1053
=FIN  \\$aY$d20130730
=STA  \\$aSUPPRESSED$bunable to determine reason for suppression
=LAS  \\$aW1711-1225$b00$c20171203$lBLL01$h1053

