=LDR  02332 am a2200529 i 4500
=001  016458793
=003  Uk
=005  20130816084219.0
=006  m\\\\||\\d\|\\\\\\
=007  cr\|||||||||||
=008  130725s2013\\\\enka|||\ob\\\\0||\0|eng\\
=FMT  \\$a  BK
=015  \\$aGBB367091$2bnb
=040  \\$aUk$beng$cUk$erda
=042  \\$aukblsr
=082  04$a617.4810443$223
=100  1\$aHarrison, D. A.$q(David A.),$eauthor.
=245  10$aRisk adjustment in neurocritical care (RAIN) - prospective validation of risk prediction models for adult patients with acute traumatic brain injury to use to evaluate the optimum location and comparative costs of neurocritical care :$ba cohort study /$cDA Harrison [and thirteen others].
=264  \1$aSouthampton :$bNIHR Journals Library,$cJune 2013.
=300  \\$a1 online resource (xviii, 350 pages) :$billustrations (black and white).
=336  \\$atext$2rdacontent
=337  \\$acomputer$2rdamedia
=338  \\$aonline resource$2rdacarrier
=490  1\$aHealth technology assessment,$x1366-5278 ;$vvolume 17, issue 23
=504  \\$aIncludes bibliographical references.
=530  \\$aAlso issued in print format.
=588  \\$aDescription based on online resource; title from PDF title page (viewed on July 31, 2013).
=650  \0$aBrain damage$xTreatment.
=650  \0$aIntraoperative monitoring$xMethodology.
=650  \0$aCritical care medicine.
=710  2\$aNIHR Journals Library,$epublisher.
=710  2\$aNational Institute for Health Research.
=830  \0$aHealth technology assessment (Winchester, England),$vvolume 17, issue 23.
=856  40$uhttp://www.journalslibrary.nihr.ac.uk/__data/assets/pdf_file/0005/73850/FullReport-hta17230.pdf
=859  \\$aELD$bebook
=852  41$aBritish Library$bHMNTS$jELD Digital store
=CAT  \\$a10902$b40$c20130725$lBLL01$h1446
=CAT  \\$a11281$b40$c20130731$lBLL01$h0920
=CAT  \\$a11281$b40$c20130731$lBLL01$h0938
=CAT  \\$a11281$b40$c20130731$lBLL01$h1047
=CAT  \\$a7332$b40$c20130816$lBLL01$h0842
=CAT  \\$aWR14.047$c20140417$lBLL01$h1646
=CAT  \\$aW1611-0868$c20161114$lBLL01$h1414
=CAT  \\$aW1711-1225$c20171203$lBLL01$h1053
=FIN  \\$aY$d20130731
=STA  \\$aSUPPRESSED$bunable to determine reason for suppression
=LAS  \\$aW1711-1225$b00$c20171203$lBLL01$h1053

