=LDR  02025 am a2200481 i 4500
=001  016458794
=003  Uk
=005  20130809110508.0
=006  m\\\\||\\d\|\\\\\\
=007  cr\|||||||||||
=008  130725s2013\\\\enka\\\\ob\\\|0|0\0|eng\\
=FMT  \\$a  BK
=015  \\$aGBB370489$2bnb
=040  \\$aUk$beng$cUk$erda
=042  \\$aukblsr
=082  04$a616.9706$223
=100  1\$aArmstrong, Nigel$c(Health economist),$eauthor.
=245  12$aA systematic review and cost-effectiveness analysis of specialist services and adrenaline auto-injectors in anaphylaxis /$cN Armstrong [and six others], Kleijnen Systematic Reviews Ltd, York, UK.
=264  \1$aSouthampton :$bNIHR Journals Library,$cApril 2013.
=300  \\$a1 online resource (xiii, 117 pages) :$billustrations (black and white).
=336  \\$atext$2rdacontent
=337  \\$acomputer$2rdamedia
=338  \\$aonline resource$2rdacarrier
=490  1\$aHealth technology assessment,$x2046-4924 ;$vvolume 17, issue 17
=500  \\$a"DOI 10.3310/hta17170."
=504  \\$aIncludes bibliographical references.
=530  \\$aAlso issued in print format.
=588  \\$aDescription based on online resource; title from PDF title page (viewed on August 9, 2013).
=650  \0$aAnaphylaxis$xTreatment$xCost effectiveness.
=710  2\$aNIHR Journals Library,$epublisher.
=710  2\$aNational Institute for Health Research (Great Britain)
=830  \0$aHealth technology assessment (Winchester),$x1366-5278 ;$vvolume 17, issue 17.
=856  40$uhttp://www.hta.ac.uk/fullmono/mon1717.pdf
=859  \\$aELD$bebook
=852  41$aBritish Library$bHMNTS$jELD Digital store
=CAT  \\$a12664$b40$c20130725$lBLL01$h1447
=CAT  \\$a8141$b40$c20130809$lBLL01$h1105
=CAT  \\$aWR14.047$c20140417$lBLL01$h1646
=CAT  \\$aW1611-0868$c20161114$lBLL01$h1414
=CAT  \\$aW1711-1225$c20171203$lBLL01$h1053
=FIN  \\$aY$d20130809
=STA  \\$aSUPPRESSED$bunable to determine reason for suppression
=LAS  \\$aW1711-1225$b00$c20171203$lBLL01$h1053

