=LDR  01993 am a2200493 i 4500
=001  016458801
=003  Uk
=005  20130902110502.0
=006  m\\\\||\\d\|\\\\\\
=007  cr\|||||||||||
=008  130725s2013\\\\enk\\\\\ob\\\\0|0\0|eng\\
=FMT  \\$a  BK
=015  \\$aGBB370495$2bnb
=020  \\$a9781900532082
=040  \\$aUk$beng$cUk$erda
=042  \\$aukblsr
=082  04$a362.380942$223
=100  1\$aMaguire, Sarah$c(Social care worker),$eauthor.
=245  10$aChoice Support resources for the Feeling Settled Toolkit /$cAuthors: Sarah Maguire and Sian Hoolahan.
=264  \1$aLondon :$bChoice Support,$c[2013?]
=300  \\$a1 online resource (33 pages)
=336  \\$atext$2rdacontent
=337  \\$acomputer$2rdamedia
=338  \\$aonline resource$2rdacarrier
=500  \\$aDeveloped in partnership with the National Development Team for Inclusion (NDTi).
=504  \\$aIncludes bibliographical references.
=588  \\$aDescription based on online resource; title from PDF cover page (viewed on August 9, 2013).
=650  \0$aLearning disabled$xServices for$zEngland$vHandbooks, manuals, etc.
=650  \0$aLearning disabled$xCare$zEngland$vHandbooks, manuals, etc.
=700  1\$aHoolahan, Sian,$eauthor.
=710  2\$aChoice Support,$epublisher.
=710  2\$aNational Development Team for Inclusion (Great Britain)
=856  40$uhttp://www.choicesupport.org.uk/~devchoic/images/ChoiceSupportresourcesfortheFeelingSettledToolkitv1010513.pdf
=859  \\$aELD$bebook
=852  41$aBritish Library$bHMNTS$jELD Digital store
=CAT  \\$a12664$b40$c20130725$lBLL01$h1453
=CAT  \\$a8141$b40$c20130809$lBLL01$h1141
=CAT  \\$a7332$b40$c20130902$lBLL01$h1105
=CAT  \\$aWR14.047$c20140417$lBLL01$h1646
=CAT  \\$aW1611-0868$c20161114$lBLL01$h1414
=CAT  \\$aW1711-1225$c20171203$lBLL01$h1053
=FIN  \\$aY$d20130809
=STA  \\$aSUPPRESSED$bunable to determine reason for suppression
=LAS  \\$aW1711-1225$b00$c20171203$lBLL01$h1053

