=LDR  02163 am a2200529 i 4500
=001  016458810
=003  Uk
=005  20130911074138.0
=006  m\\\\||\\d\|\\\\\\
=007  cr\|||||||||||
=008  130725s2013\\\\enka\\\\ob\\\|0|0\0|eng\\
=FMT  \\$a  BK
=015  \\$aGBB370505$2bnb
=040  \\$aUk$beng$cUk$erda
=042  \\$aukblsr
=082  04$a025.524$223
=100  1\$aEdwards, Christine$c(Professor in human resources),$eauthor.
=245  10$aExplaining health managers' information seeking behaviour and use /$cChristine Edwards [and seven others].
=264  \1$aSouthampton :$bNational Institute for Health Research,$cMay 2013.
=300  \\$a1 online resource (215 pages) :$billustrations (black and white, and one colour)
=336  \\$atext$2rdacontent
=337  \\$acomputer$2rdamedia
=338  \\$aonline resource$2rdacarrier
=500  \\$a"Project 08/1808/243."
=504  \\$aIncludes bibliographical references.
=588  \\$aDescription based on online resource; title from PDF cover page (viewed on August 9, 2013).
=650  \0$aInformation behavior.
=650  \0$aInformation retrieval$xEvaluation.
=650  \0$aDecision making.
=650  \0$aNational health services$zGreat Britain.
=690  7\$aSocial Welfare$2blcoll
=710  2\$aNational Institute for Health Research (Great Britain),$epublisher.
=710  2\$aNational Institute for Health Research (Great Britain).$bService Delivery and Organisation Programme.
=856  40$uhttp://www.netscc.ac.uk/hsdr/files/project/SDO_FR_08-1808-243_V10.pdf
=859  \\$aELD$bebook
=852  41$aBritish Library$bHMNTS$jELD Digital store
=CAT  \\$a12664$b40$c20130725$lBLL01$h1502
=CAT  \\$a8141$b40$c20130809$lBLL01$h1315
=CAT  \\$a8141$b40$c20130809$lBLL01$h1317
=CAT  \\$a7332$b40$c20130911$lBLL01$h0740
=CAT  \\$a7332$b40$c20130911$lBLL01$h0741
=CAT  \\$aWR14.047$c20140417$lBLL01$h1646
=CAT  \\$aW1611-0868$c20161114$lBLL01$h1414
=CAT  \\$aW1711-1225$c20171203$lBLL01$h1053
=FIN  \\$aY$d20130809
=STA  \\$aSUPPRESSED$bunable to determine reason for suppression
=LAS  \\$aW1711-1225$b00$c20171203$lBLL01$h1053

