=LDR  02329 am a2200553 i 4500
=001  016458815
=003  Uk
=005  20130809141949.0
=006  m\\\\||\\d\|\\\\\\
=007  cr\|||||||||||
=008  130725s2013\\\\enkab\\\ob\\\|0|0\0|eng\\
=FMT  \\$a  BK
=015  \\$aGBB370508$2bnb
=040  \\$aUk$beng$cUk$erda
=042  \\$aukblsr
=082  04$a362.1068$223
=100  1\$aDickinson, Helen,$d1979-$eauthor.
=245  10$aAre we there yet? :$bmodels of medical leadership and their effectiveness : an exploratory study /$cHelen Dickinson, Chris Ham, Iain Snelling, and Peter Spurgeon.
=246  13$aModels of medical leadership and their effectiveness : an exploratory study
=264  \1$aSouthampton :$bNational Institute for Health Research,$cApril 2013.
=300  \\$a1 online resource (230 pages) :$billustrations (black and white, and colour), 2 maps
=336  \\$atext$2rdacontent
=337  \\$acomputer$2rdamedia
=338  \\$aonline resource$2rdacarrier
=500  \\$a"Project 08/1808/236."
=504  \\$aIncludes bibliographical references.
=588  \\$aDescription based on online resource; title from PDF cover page (viewed on August 9, 2013).
=650  \0$aHealth services administration$zEngland.
=650  \0$aHospitals$zEngland$xAdministration.
=650  \0$aLeadership.
=650  \0$aPhysician executives$zEngland.
=650  \0$aNational health services$zEngland.
=690  7\$aSocial Welfare$2blcoll
=700  1\$aHam, Christopher,$eauthor.
=700  1\$aSnelling, Iain,$eauthor.
=700  1\$aSpurgeon, Peter,$eauthor.
=710  2\$aNational Institute for Health Research (Great Britain),$epublisher.
=710  2\$aNational Institute for Health Research (Great Britain).$bService Delivery and Organisation Programme.
=856  40$uhttp://www.netscc.ac.uk/hsdr/files/project/SDO_FR_08-1808-236_V07.pdf
=859  \\$aELD$bebook
=852  41$aBritish Library$bHMNTS$jELD Digital store
=CAT  \\$a12664$b40$c20130725$lBLL01$h1507
=CAT  \\$a8141$b40$c20130809$lBLL01$h1419
=CAT  \\$aWR14.047$c20140417$lBLL01$h1646
=CAT  \\$aW1611-0868$c20161114$lBLL01$h1414
=CAT  \\$aW1711-1225$c20171203$lBLL01$h1053
=FIN  \\$aY$d20130809
=STA  \\$aSUPPRESSED$bunable to determine reason for suppression
=LAS  \\$aW1711-1225$b00$c20171203$lBLL01$h1053

