=LDR  02216 am a2200529 i 4500
=001  016458835
=003  Uk
=005  20130816100840.0
=006  m\\\\||\\d\|\\\\\\
=007  cr\|||||||||||
=008  130725s2013\\\\enka\\\\ob\\\\0|0\0|eng\\
=FMT  \\$a  BK
=015  \\$aGBB370540$2bnb
=020  \\$z9781906929541
=040  \\$aUk$beng$cUk$erda
=042  \\$aukblsr
=082  04$a371.2540942$223
=100  1\$aCampbell, Tammy,$eauthor.
=245  10$aIn-school ability grouping and the month of birth effect :$bpreliminary evidence from the Millennium Cohort Study /$cTammy Campbell.
=264  \1$aLondon :$bCentre for Longitudinal Studies, Institute of Education, University of London,$cMarch 2013.
=300  \\$a1 online resource (38 pages) :$billustrations (colour).
=336  \\$atext$2rdacontent
=337  \\$acomputer$2rdamedia
=338  \\$aonline resource$2rdacarrier
=490  1\$aWorking paper ;$v2013/1
=500  \\$aCLS Cohort Studies.
=504  \\$aIncludes bibliographical references.
=588  \\$aDescription based on online resource; title from PDF title page (viewed on August 12, 2013).
=650  \0$aAbility grouping in education$zEngland.
=650  \0$aBirth date effect (Academic achievement)$zEngland.
=650  \0$aCohort analysis.
=710  2\$aBedford Group for Lifecourse & Statistical Studies.$bCentre for Longitudinal Studies,$epublisher.
=830  \0$aWorking paper (Bedford Group for Lifecourse & Statistical Studies. Centre for Longitudinal Studies) ;$v2013/1.
=856  40$uhttp://www.cls.ioe.ac.uk/shared/get-file.ashx?itemtype=document&id=1618
=859  \\$aELD$bebook
=852  41$aBritish Library$bHMNTS$jELD Digital store
=CAT  \\$a12664$b40$c20130725$lBLL01$h1553
=CAT  \\$a8141$b40$c20130812$lBLL01$h1029
=CAT  \\$a8141$b40$c20130812$lBLL01$h1035
=CAT  \\$a8141$b40$c20130812$lBLL01$h1038
=CAT  \\$a7332$b40$c20130816$lBLL01$h1008
=CAT  \\$aWR14.047$c20140417$lBLL01$h1646
=CAT  \\$aW1611-0868$c20161114$lBLL01$h1414
=CAT  \\$aW1711-1225$c20171203$lBLL01$h1053
=FIN  \\$aY$d20130812
=STA  \\$aSUPPRESSED$bunable to determine reason for suppression
=LAS  \\$aW1711-1225$b00$c20171203$lBLL01$h1053

