=LDR  02113 am a2200505 i 4500
=001  016458839
=003  Uk
=005  20130812114235.0
=006  m\\\\||\\d\|\\\\\\
=007  cr\|||||||||||
=008  130725s2013\\\\enka\\\\ob\\\\0|0\0|eng\\
=FMT  \\$a  BK
=015  \\$aGBB370553$2bnb
=020  \\$z9781906929589
=040  \\$aUk$beng$cUk$erda
=042  \\$aukblsr
=082  04$a374.941$223
=100  10$aJenkins, Andrew,$d1966-$eauthor.
=245  10$aLearning and the lifecourse :$bthe acquisition of qualifications in adulthood /$cAndrew Jenkins.
=264  \1$aLondon :$bCentre for Longitudinal Studies, Institute of Education, University of London,$cMarch 2013.
=300  \\$a1 online resource (33 pages) :$billustrations (colour).
=336  \\$atext$2rdacontent
=337  \\$acomputer$2rdamedia
=338  \\$aonline resource$2rdacarrier
=490  1\$aWorking paper ;$v2013/4
=500  \\$aCLS Cohort Studies.
=504  \\$aIncludes bibliographical references.
=588  \\$aDescription based on online resource; title from PDF title page (viewed on August 12, 2013).
=650  \0$aAdult learning$zGreat Britain$xLongitudinal studies.
=650  \0$aContinuing education$zGreat Britain$xLongitudinal studies.
=650  \0$aCohort analysis.
=710  2\$aBedford Group for Lifecourse & Statistical Studies.$bCentre for Longitudinal Studies,$epublisher.
=830  \0$aWorking paper (Bedford Group for Lifecourse & Statistical Studies. Centre for Longitudinal Studies) ;$v2013/4.
=856  40$uhttp://www.cls.ioe.ac.uk/shared/get-file.ashx?itemtype=document&id=1624
=859  \\$aELD$bebook
=852  41$aBritish Library$bHMNTS$jELD Digital store
=CAT  \\$a12664$b40$c20130725$lBLL01$h1558
=CAT  \\$a8141$b40$c20130812$lBLL01$h1142
=CAT  \\$aWR14.047$c20140417$lBLL01$h1646
=CAT  \\$aW1611-0868$c20161114$lBLL01$h1414
=CAT  \\$aBATCH-UPD$b00$c20161114$lBLL01$h1417
=CAT  \\$aW1711-1225$c20171203$lBLL01$h1053
=FIN  \\$aY$d20130812
=STA  \\$aSUPPRESSED$bunable to determine reason for suppression
=LAS  \\$aW1711-1225$b00$c20171203$lBLL01$h1053

