=LDR  02370 am a2200541 i 4500
=001  016458841
=003  Uk
=005  20130813080643.0
=006  m\\\\||\\d\|\\\\\\
=007  cr\|||||||||||
=008  130725s2013\\\\enka\\\\ob\\\\0|0\0|eng\\
=FMT  \\$a  BK
=015  \\$aGBB370564$2bnb
=040  \\$aUk$beng$cUk$erda
=042  \\$aukblsr
=082  04$a362.1068$223
=100  1\$aBuchanan, David A.,$eauthor.
=245  10$aHow do they manage? :$ba qualitative study of the realities of middle and front-line management work in health care /$cDA Buchanan [and six others], Cranfield University School of Management.
=246  13$aQualitative study of the realities of middle and front-line management work in health care
=264  \1$aSouthampton :$bNIHR Journals Library,$cJune 2013.
=300  \\$a1 online resource (xv, 248 pages) :$billustrations (black and white).
=336  \\$atext$2rdacontent
=337  \\$acomputer$2rdamedia
=338  \\$aonline resource$2rdacarrier
=490  1\$aHealth services and delivery research,$x2050-4357 ;$vvolume 1, issue 4
=500  \\$a"DOI 10.3310/hsdr01040."
=504  \\$aIncludes bibliographical references.
=530  \\$aAlso issued in print format.
=588  \\$aDescription based on online resource; title from PDF title page (viewed on August 12, 2013).
=650  \0$aHospitals$zGreat Britain$xManagement.
=650  \0$aHospital care$zGreat Britain$xManagement.
=710  2\$aNIHR Journals Library,$epublisher.
=710  2\$aNational Institute for Health Research (Great Britain)
=830  \0$aHealth services and delivery research (Print),$x2050-4349 ;$vvolume 1, issue 4.
=856  40$uhttp://www.journalslibrary.nihr.ac.uk/__data/assets/pdf_file/0010/75088/FullReport-hsdr01040.pdf
=859  \\$aELD$bebook
=852  41$aBritish Library$bHMNTS$jELD Digital store
=CAT  \\$a12664$b40$c20130725$lBLL01$h1602
=CAT  \\$a12664$b40$c20130725$lBLL01$h1612
=CAT  \\$a8141$b40$c20130812$lBLL01$h1249
=CAT  \\$a8141$b40$c20130813$lBLL01$h0805
=CAT  \\$a8141$b40$c20130813$lBLL01$h0806
=CAT  \\$aWR14.047$c20140417$lBLL01$h1646
=CAT  \\$aW1611-0868$c20161114$lBLL01$h1414
=CAT  \\$aW1711-1225$c20171203$lBLL01$h1053
=FIN  \\$aY$d20130812
=STA  \\$aSUPPRESSED$bunable to determine reason for suppression
=LAS  \\$aW1711-1225$b00$c20171203$lBLL01$h1053

