=LDR  02277 am a2200529 i 4500
=001  016458843
=003  Uk
=005  20130813090257.0
=006  m\\\\||\\d\|\\\\\\
=007  cr\|||||||||||
=008  130725s2013\\\\enka\\\\ob\\\\0|0\0|eng\\
=FMT  \\$a  BK
=015  \\$aGBB370584$2bnb
=040  \\$aUk$beng$cUk$erda
=042  \\$aukblsr
=082  04$a338.47362178$223
=100  1\$aMolassiotis, Alex,$eauthor.
=245  14$aThe effectiveness and cost-effectiveness of acupressure for the control and management of chemotherapy-related acute and delayed nausea :$bAssessment of Nausea in Chemotherapy Research (ANCHoR), a randomised controlled trial /$cA Molassiotis [and ten others].
=264  \1$aSouthampton :$bNIHR Journals Library,$cJune 2013.
=300  \\$a1 online resource (xiii, 114 pages) :$billustrations (black and white).
=336  \\$atext$2rdacontent
=337  \\$acomputer$2rdamedia
=338  \\$aonline resource$2rdacarrier
=490  1\$aHealth technology assessment,$x2046-4924 ;$vvolume 17, issue 26
=500  \\$a"DOI 10.3310/hta17260."
=504  \\$aIncludes bibliographical references.
=530  \\$aAlso issued in print format.
=588  \\$aDescription based on online resource; title from PDF title page (viewed on August 12, 2013).
=650  \0$aDrugs$xSide effects.
=650  \0$aAcupressure$xTherapeutic use.
=650  \0$aNausea$xTreatment$xCost effectiveness.
=650  \0$aVomiting$xTreatment$xCost effectiveness.
=710  2\$aNIHR Journals Library,$epublisher.
=710  2\$aNational Institute for Health Research (Great Britain)
=830  \0$aHealth technology assessment (Winchester),$x1366-5278 ;$vvolume 17, issue 26.
=856  40$uhttp://www.journalslibrary.nihr.ac.uk/hta/volume-17, issue-26
=859  \\$aELD$bebook
=852  41$aBritish Library$bHMNTS$jELD Digital store
=CAT  \\$a12664$b40$c20130725$lBLL01$h1605
=CAT  \\$a8141$b40$c20130812$lBLL01$h1431
=CAT  \\$a7332$b40$c20130813$lBLL01$h0902
=CAT  \\$aWR14.047$c20140417$lBLL01$h1646
=CAT  \\$aW1611-0868$c20161114$lBLL01$h1414
=CAT  \\$aW1711-1225$c20171203$lBLL01$h1053
=FIN  \\$aY$d20130812
=STA  \\$aSUPPRESSED$bunable to determine reason for suppression
=LAS  \\$aW1711-1225$b00$c20171203$lBLL01$h1053

