=LDR  02503 am a2200565 i 4500
=001  016458845
=003  Uk
=005  20130828083826.0
=006  m\\\\||\\d\|\\\\\\
=007  cr\|||||||||||
=008  130725s2013\\\\enka\\\\ob\\\|0|0\0|eng\\
=FMT  \\$a  BK
=015  \\$aGBB370735$2bnb
=040  \\$aUk$beng$cUk$erda
=042  \\$aukblsr
=082  04$a616.078$223
=100  1\$aPerel, P.$q(Pablo),$eauthor.
=245  10$aDevelopment and validation of a prognostic model to predict death in patients with traumatic bleeding, and evaluation of the effect of tranexamic acid on mortality according to baseline risk :$ba secondary analysis of a randomised controlled trial /$cP Perel, D Prieto-Merino, H Shakur and I Roberts, London School of Hygiene and Tropical Medicine, London, UK.
=264  \1$aSouthampton :$bNIHR Journals Library,$cJune 2013.
=300  \\$a1 online resource (xii, 45 pages) :$billustrations (black and white).
=336  \\$atext$2rdacontent
=337  \\$acomputer$2rdamedia
=338  \\$aonline resource$2rdacarrier
=490  1\$aHealth technology assessment,$x2046-4924 ;$vvolume 17, issue 24
=500  \\$a"DOI: 10.3310/hta17240."
=504  \\$aIncludes bibliographical references.
=530  \\$aAlso issued in print format.
=588  \\$aDescription based on online resource; title from PDF title page (viewed on August 12, 2013).
=650  \0$aMortality$xStatistical methods.
=650  \0$aMortality$xForecasting.
=650  \0$aHemorrhage$xTreatment.
=650  \0$aAntifibrinolytic agents.
=700  1\$aPrieto-Merino, D.$q(David),$eauthor.
=700  1\$aShakur, H.$q(Haleema),$eauthor.
=700  1\$aRoberts, Ian$c(Epidemiologist),$eauthor.
=710  2\$aNIHR Journals Library,$epublisher.
=710  2\$aNational Institute for Health Research (Great Britain)
=830  \0$aHealth technology assessment (Winchester),$x1366-5278 ;$vvolume 17, issue 24.
=856  40$uhttp://www.journalslibrary.nihr.ac.uk/hta/volume-17/issue-24
=859  \\$aELD$bebook
=852  41$aBritish Library$bHMNTS$jELD Digital store
=CAT  \\$a12664$b40$c20130725$lBLL01$h1607
=CAT  \\$a8141$b40$c20130813$lBLL01$h0800
=CAT  \\$a7332$b40$c20130828$lBLL01$h0838
=CAT  \\$aWR14.047$c20140417$lBLL01$h1646
=CAT  \\$aW1611-0868$c20161114$lBLL01$h1414
=CAT  \\$aW1711-1225$c20171203$lBLL01$h1053
=FIN  \\$aY$d20130813
=STA  \\$aSUPPRESSED$bunable to determine reason for suppression
=LAS  \\$aW1711-1225$b00$c20171203$lBLL01$h1053

