=LDR  02490 am a2200541 i 4500
=001  016458847
=003  Uk
=005  20130813092306.0
=006  m\\\\||\\d\|\\\\\\
=007  cr\|||||||||||
=008  130725s2013\\\\enka\\\\ob\\\|0|0\0|eng\\
=FMT  \\$a  BK
=015  \\$aGBB370749$2bnb
=040  \\$aUk$beng$cUk$erda
=042  \\$aukblsr
=082  04$a617.548059$223
=100  1\$aGrant, A.$q(Adrian),$eauthor.
=245  10$aClinical and economic evaluation of laparoscopic surgery compared with medical management for gastro-oesophageal reflux disease :$b5-year follow-up of multicentre randomised trial (the REFLUX trial) /$cAM Grant [and eleven others] on behalf of the REFLUX trial group.
=264  \1$aSouthampton :$bNIHR Journals Library,$cJune 2013.
=300  \\$a1 online resource (xv, 167 pages) :$billustrations (black and white).
=336  \\$atext$2rdacontent
=337  \\$acomputer$2rdamedia
=338  \\$aonline resource$2rdacarrier
=490  1\$aHealth technology assessment,$x2046-4924 ;$vvolume 17, issue 22
=500  \\$a"DOI: 10.3310/hta17220."
=504  \\$aIncludes bibliographical references.
=530  \\$aAlso issued in print format.
=588  \\$aDescription based on online resource; title from PDF title page (viewed on August 13, 2013).
=650  \0$aGastroesophageal reflux$xTreatment$zGreat Britain$xEvaluation.
=650  \0$aGastroesophageal reflux$xSurgery$zGreat Britain$xEvaluation.
=650  \0$aGastroesophageal reflux$xTreatment$zGreat Britain$xCost-effectiveness.
=650  \0$aGastroesophageal reflux$xSurgery$zGreat Britain$xCost-effectiveness.
=650  \0$aLaparoscopic surgery$zGreat Britain$xCost-effectiveness.
=710  2\$aNIHR Journals Library,$epublisher.
=710  2\$aNational Institute for Health Research (Great Britain)
=830  \0$aHealth technology assessment (Winchester),$x1366-5278 ;$vvolume 17, issue 22.
=856  40$uhttp://www.journalslibrary.nihr.ac.uk/hta/volume-17/issue-22r
=859  \\$aELD$bebook
=852  41$aBritish Library$bHMNTS$jELD Digital store
=CAT  \\$a12664$b40$c20130725$lBLL01$h1609
=CAT  \\$a8141$b40$c20130813$lBLL01$h0920
=CAT  \\$a8141$b40$c20130813$lBLL01$h0923
=CAT  \\$aWR14.047$c20140417$lBLL01$h1646
=CAT  \\$aW1611-0868$c20161114$lBLL01$h1414
=CAT  \\$aW1711-1225$c20171203$lBLL01$h1053
=FIN  \\$aY$d20130813
=STA  \\$aSUPPRESSED$bunable to determine reason for suppression
=LAS  \\$aW1711-1225$b00$c20171203$lBLL01$h1053

