=LDR  02391 am a2200553 i 4500
=001  016458851
=003  Uk
=005  20130814160159.0
=006  m\\\\||\\d\|\\\\\\
=007  cr\|||||||||||
=008  130725s2013\\\\enkab\\\ob\\\|0|0\0|eng\\
=FMT  \\$a  BK
=015  \\$aGBB370761$2bnb
=040  \\$aUk$beng$cUk$erda
=042  \\$aukblsr
=082  04$a610.730698$223
=100  1\$aSpilsbury, K.$q(Karen),$eauthor.
=245  10$aSupport matters :$ba mixed methods scoping study on the use of assistant staff in the delivery of community nursing services in England /$cK Spilsbury [and nine others].
=246  13$aMixed methods scoping study on the use of assistant staff in the delivery of community nursing services in England
=264  \1$aSouthampton :$bNIHR Journals Library,$cJune 2013.
=300  \\$a1 online resource (xvii, 146 pages) :$billustrations (black and white), 1 map (black and white).
=336  \\$atext$2rdacontent
=337  \\$acomputer$2rdamedia
=338  \\$aonline resource$2rdacarrier
=490  1\$aHealth services and delivery research,$x2050-4357 ;$vvolume 1, issue 3
=500  \\$a"DOI 10.3310/hsdr01030."
=504  \\$aIncludes bibliographical references.
=530  \\$aAlso issued in print format.
=588  \\$aDescription based on online resource; title from PDF title page (viewed on August 13, 2013).
=650  \0$aNurses' aides$zEngland.
=650  \0$aCommunity health aides$zEngland.
=650  \0$aCommunity health nursing$zEngland.
=650  \0$aNursing services$zEngland.
=710  2\$aNIHR Journals Library,$epublisher.
=710  2\$aNational Institute for Health Research (Great Britain)
=830  \0$aHealth services and delivery research (Print),$x2050-4349 ;$vvolume 1, issue 3.
=856  40$uhttp://www.journalslibrary.nihr.ac.uk/hsdr/volume-1/issue-3
=859  \\$aELD$bebook
=852  41$aBritish Library$bHMNTS$jELD Digital store
=CAT  \\$a12664$b40$c20130725$lBLL01$h1611
=CAT  \\$a12664$b40$c20130725$lBLL01$h1613
=CAT  \\$a8141$b40$c20130813$lBLL01$h1039
=CAT  \\$a7332$b40$c20130814$lBLL01$h1602
=CAT  \\$aWR14.047$c20140417$lBLL01$h1646
=CAT  \\$aW1611-0868$c20161114$lBLL01$h1414
=CAT  \\$aW1711-1225$c20171203$lBLL01$h1053
=FIN  \\$aY$d20130813
=STA  \\$aSUPPRESSED$bunable to determine reason for suppression
=LAS  \\$aW1711-1225$b00$c20171203$lBLL01$h1053

