=LDR  02394 am a2200565 i 4500
=001  016458853
=003  Uk
=005  20130830103819.0
=006  m\\\\||\\d\|\\\\\\
=007  cr\|||||||||||
=008  130725s2013\\\\enk\\\\\ob\\\|0|0\0|eng\\
=FMT  \\$a  BK
=015  \\$aGBB370791$2bnb
=040  \\$aUk$beng$cUk$erda
=042  \\$aukblsr
=082  04$a153.1508622$223
=100  1\$aCoombs, Crispin Richard,$eauthor.
=245  10$aExploring types of individual unlearning by local health-care managers :$ban original empirical approach /$cCR Coombs, D Hislop, J Holland, SLC Bosley and E Manful, School of Business and Economics, Loughborough University, Loughborough, UK.
=264  \1$aSouthampton :$bNIHR Journals Library,$cJune 2013.
=300  \\$a1 online resource (xv, 126 pages).
=336  \\$atext$2rdacontent
=337  \\$acomputer$2rdamedia
=338  \\$aonline resource$2rdacarrier
=490  1\$aHealth services and delivery research,$x2050-4357 ;$vvolume 1, issue 2
=500  \\$a"DOI 10.3310/hsdr01020."
=504  \\$aIncludes bibliographical references.
=530  \\$aAlso issued in print format.
=588  \\$aDescription based on online resource; title from PDF title page (viewed on August 13, 2013).
=650  \0$aHealth services administrators.
=650  \0$aLearning, Psychology of.
=650  \0$aOrganizational change$xPsychological aspects.
=700  1\$aHislop, Donald,$d1966-$eauthor.
=700  1\$aHolland, J.$q(Julie),$eauthor.
=700  1\$aBosley, S. L. C.$q(Sara L. C.),$eauthor.
=700  1\$aManful, Esmeranda,$d1967-$eauthor.
=710  2\$aNIHR Journals Library,$epublisher.
=710  2\$aNational Institute for Health Research (Great Britain)
=830  \0$aHealth services and delivery research (Print),$x2050-4349 ;$vvolume 1, issue 2.
=856  40$uhttp://www.journalslibrary.nihr.ac.uk/hsdr/volume-1/issue-2
=859  \\$aELD$bebook
=852  41$aBritish Library$bHMNTS$jELD Digital store
=CAT  \\$a12664$b40$c20130725$lBLL01$h1614
=CAT  \\$a8141$b40$c20130813$lBLL01$h1219
=CAT  \\$a7332$b44$c20130830$lBLL01$h1038
=CAT  \\$aWR14.047$c20140417$lBLL01$h1646
=CAT  \\$aW1611-0868$c20161114$lBLL01$h1414
=CAT  \\$aW1711-1225$c20171203$lBLL01$h1053
=FIN  \\$aY$d20130813
=STA  \\$aSUPPRESSED$bunable to determine reason for suppression
=LAS  \\$aW1711-1225$b00$c20171203$lBLL01$h1053

