=LDR  01846 am a2200433 i 4500
=001  016458858
=003  Uk
=005  20130813130048.0
=006  m\\\\||\\d\|\\\\\\
=007  cr\|||||||||||
=008  130725s2013\\\\enk\\\\\ob\\\|0|0\0|eng\\
=FMT  \\$a  BK
=015  \\$aGBB370793$2bnb
=040  \\$aUk$beng$cUk$erda
=042  \\$aukblsr
=082  04$a368.4100941$223
=110  1\$aGreat Britain.$bDepartment for Work and Pensions,$eauthor.
=245  10$aEstimates of the impact of extending the scope of the payment scheme in the Mesothelioma Bill to include other asbestos related diseases and other non-asbestos work related diseases.
=264  \1$aLondon :$bDepartment for Work and Pensions,$cJune 2013.
=300  \\$a1 online resource (9 pages)
=336  \\$atext$2rdacontent
=337  \\$acomputer$2rdamedia
=338  \\$aonline resource$2rdacarrier
=504  \\$aIncludes bibliographical references.
=588  \\$aDescription based on online resource; title from PDF cover page (viewed on August 13, 2013).
=650  \0$aWorkers' compensation$xLaw and legislation$xEconomic aspects$zGreat Britain.
=650  \0$aOccupational diseases$zGreat Britain.
=650  \0$aEmployers' liability insurance$xGovernment policy$zGreat Britain.
=856  40$uhttps://www.gov.uk/government/uploads/system/uploads/attachment_data/file/206172/expanding_scope_meso_bill.pdf
=859  \\$aELD$bebook
=852  41$aBritish Library$bHMNTS$jELD Digital store
=CAT  \\$a12664$b40$c20130725$lBLL01$h1618
=CAT  \\$a8141$b40$c20130813$lBLL01$h1300
=CAT  \\$aWR14.047$c20140417$lBLL01$h1646
=CAT  \\$aW1611-0868$c20161114$lBLL01$h1414
=CAT  \\$aW1711-1225$c20171203$lBLL01$h1053
=FIN  \\$aY$d20130813
=STA  \\$aSUPPRESSED$bunable to determine reason for suppression
=LAS  \\$aW1711-1225$b00$c20171203$lBLL01$h1053

