=LDR  02050 am a2200469 i 4500
=001  016458862
=003  Uk
=005  20130906103153.0
=006  m\\\\||\\d\|\\\\\\
=007  cr\|||||||||||
=008  130725s2013\\\\enka\\\\ob\\\|0|0\0|eng\\
=FMT  \\$a  BK
=015  \\$aGBB377814$2bnb
=040  \\$aUk$beng$cUk$erda
=042  \\$aukblsr
=082  04$a339.410727$223
=110  1\$aGreat Britain.$bDepartment for Work and Pensions.$bHBAI Team,$eauthor.
=245  10$aDWP family and household income statistics - adjusting for inflation :$bstatistical notice /$cIssued by: HBAI team, Information Governance and Security Directorate, Dept for Work and Pensions.
=264  \1$aLondon :$bDepartment for Work and Pensions,$c13 June 2013.
=300  \\$a1 online resource (5 pages) :$b1 illustration (colour)
=336  \\$atext$2rdacontent
=337  \\$acomputer$2rdamedia
=338  \\$aonline resource$2rdacarrier
=504  \\$aIncludes bibliographical references.
=588  \\$aDescription based on online resource; title from PDF caption title (viewed on August 29, 2013).
=650  \0$aIncome$xEffect of inflation on$zGreat Britain$xStatistical methods.
=650  \0$aInflation (Finance)$zGreat Britain$xStatistical methods.
=650  \0$aConsumer price indexes$zGreat Britain.
=700  1\$aCouncell, Rachel.
=710  1\$aGreat Britain.$bDepartment for Work and Pensions,$eissuing body.
=856  40$uhttps://www.gov.uk/government/uploads/system/uploads/attachment_data/file/206856/statistical_notice_13_06_2013.pdf
=859  \\$aELD$bebook
=852  41$aBritish Library$bHMNTS$jELD Digital store
=CAT  \\$a12664$b40$c20130725$lBLL01$h1622
=CAT  \\$a8141$b40$c20130829$lBLL01$h0926
=CAT  \\$a7332$b40$c20130906$lBLL01$h1031
=CAT  \\$aWR14.047$c20140417$lBLL01$h1646
=CAT  \\$aW1611-0868$c20161114$lBLL01$h1414
=CAT  \\$aW1711-1225$c20171203$lBLL01$h1053
=FIN  \\$aY$d20130829
=STA  \\$aSUPPRESSED$bunable to determine reason for suppression
=LAS  \\$aW1711-1225$b00$c20171203$lBLL01$h1053

