=LDR  01706 am a2200433 i 4500
=001  016458866
=003  Uk
=005  20130813131827.0
=006  m\\\\||\\d\|\\\\\\
=007  cr\|||||||||||
=008  130725s2013\\\\enk\\\\\ob\\\|0|0\0|eng\\
=FMT  \\$a  BK
=015  \\$aGBB370795$2bnb
=040  \\$aUk$beng$cUk$erda
=042  \\$aukblsr
=082  04$a353.960941$223
=110  1\$aGreat Britain.$bDepartment for Work and Pensions,$eauthor.
=245  12$aA review of the Health and Safety Executive as a non-departmental public body :$bcall for evidence.
=264  \1$aLondon :$bDepartment for Work and Pensions,$c14 June 2013.
=300  \\$a1 online resource (31 pages)
=336  \\$atext$2rdacontent
=337  \\$acomputer$2rdamedia
=338  \\$aonline resource$2rdacarrier
=504  \\$aIncludes bibliographical references.
=588  \\$aDescription based on online resource; title from PDF cover page (viewed on August 13, 2013).
=610  10$aGreat Britain.$bHealth and Safety Executive$xEvaluation.
=856  40$uhttps://www.gov.uk/government/uploads/system/uploads/attachment_data/file/207035/hse-triennial-review-cfe.pdf
=859  \\$aELD$bebook
=852  41$aBritish Library$bHMNTS$jELD Digital store
=CAT  \\$a12664$b40$c20130725$lBLL01$h1624
=CAT  \\$a12664$b40$c20130725$lBLL01$h1630
=CAT  \\$a8141$b40$c20130813$lBLL01$h1317
=CAT  \\$a8141$b40$c20130813$lBLL01$h1318
=CAT  \\$aWR14.047$c20140417$lBLL01$h1646
=CAT  \\$aW1611-0868$c20161114$lBLL01$h1414
=CAT  \\$aW1711-1225$c20171203$lBLL01$h1053
=FIN  \\$aY$d20130813
=STA  \\$aSUPPRESSED$bunable to determine reason for suppression
=LAS  \\$aW1711-1225$b00$c20171203$lBLL01$h1053

