=LDR  01688 am a2200421 i 4500
=001  016458868
=003  Uk
=005  20130814074243.0
=006  m\\\\||\\d\|\\\\\\
=007  cr\|||||||||||
=008  130725s2013\\\\enk\\\\\ob\\\|0|0\0|eng\\
=FMT  \\$a  BK
=015  \\$aGBB372696$2bnb
=040  \\$aUk$beng$cUk$erda
=042  \\$aukblsr
=082  04$a346.410172$223
=110  1\$aGreat Britain.$bDepartment for Work and Pensions,$eauthor.
=245  14$aThe Child Support (Miscellaneous Amendments) Regulations 2013 :$bthe Government's response to consultation on draft regulations.
=264  \1$a[London] :$bDepartment for Work & Pensions,$cJune 2013.
=300  \\$a1 online resource (9 pages)
=336  \\$atext$2rdacontent
=337  \\$acomputer$2rdamedia
=338  \\$aonline resource$2rdacarrier
=504  \\$aIncludes bibliographical references.
=588  \\$aDescription based on online resource; title from PDF cover page (viewed on August 14, 2013).
=650  \0$aChild support$xLaw and legislation$zGreat Britain.
=856  40$uhttps://www.gov.uk/government/uploads/system/uploads/attachment_data/file/206797/response-cs-misc-amends-regs-2013.pdf
=859  \\$aELD$bebook
=852  41$aBritish Library$bHMNTS$jELD Digital store
=CAT  \\$a12664$b40$c20130725$lBLL01$h1626
=CAT  \\$a12664$b40$c20130725$lBLL01$h1630
=CAT  \\$a8141$b40$c20130814$lBLL01$h0742
=CAT  \\$aWR14.047$c20140417$lBLL01$h1646
=CAT  \\$aW1611-0868$c20161114$lBLL01$h1414
=CAT  \\$aW1711-1225$c20171203$lBLL01$h1053
=FIN  \\$aY$d20130814
=STA  \\$aSUPPRESSED$bunable to determine reason for suppression
=LAS  \\$aW1711-1225$b00$c20171203$lBLL01$h1053

