=LDR  02084 am a2200481 i 4500
=001  016458870
=003  Uk
=005  20130815104156.0
=006  m\\\\||\\d\|\\\\\\
=007  cr\|||||||||||
=008  130725s2013\\\\enk\\\\\ob\\\|0|0\0|eng\\
=FMT  \\$a  BK
=015  \\$aGBB370799$2bnb
=040  \\$aUk$beng$cUk$erda
=042  \\$aukblsr
=082  04$a353.540941$223
=110  1\$aGreat Britain.$bDepartment for Work and Pensions,$eauthor.
=245  10$aTriennial review of pensions bodies :$ba review of the Pensions Regulator, Pensions Ombudsman, the Pension Protection Fund Ombudsman and the Pensions Advisory Service as non departmental public bodies : call for evidence.
=264  \1$aLondon :$bDepartment for Work and Pensions,$c[2013?]
=300  \\$a1 online resource (9 pages)
=336  \\$atext$2rdacontent
=337  \\$acomputer$2rdamedia
=338  \\$aonline resource$2rdacarrier
=500  \\$a"27 June 2013."
=504  \\$aIncludes bibliographical references.
=588  \\$aDescription based on online resource; title from PDF cover page (viewed on August 13, 2013).
=610  10$aGreat Britain.$bPensions Regulator$xEvaluation.
=610  10$aGreat Britain.$bPensions Ombudsman$xEvaluation.
=610  10$aGreat Britain.$bPension Protection Fund Ombudsman$xEvaluation.
=610  20$aPensions Advisory Service (Great Britain)$xEvaluation.
=856  40$uhttps://www.gov.uk/government/uploads/system/uploads/attachment_data/file/223691/triennial-review-pensions-bodies-call-for-evidence.pdf
=859  \\$aELD$bebook
=852  41$aBritish Library$bHMNTS$jELD Digital store
=CAT  \\$a12664$b40$c20130725$lBLL01$h1629
=CAT  \\$a12664$b40$c20130725$lBLL01$h1630
=CAT  \\$a8141$b40$c20130813$lBLL01$h1337
=CAT  \\$a7332$b40$c20130815$lBLL01$h1041
=CAT  \\$aWR14.047$c20140417$lBLL01$h1646
=CAT  \\$aW1611-0868$c20161114$lBLL01$h1414
=CAT  \\$aW1711-1225$c20171203$lBLL01$h1053
=FIN  \\$aY$d20130813
=STA  \\$aSUPPRESSED$bunable to determine reason for suppression
=LAS  \\$aW1711-1225$b00$c20171203$lBLL01$h1053

