=LDR  01635 am a2200421 i 4500
=001  016458873
=003  Uk
=005  20130814090955.0
=006  m\\\\||\\d\|\\\\\\
=007  cr\|||||||||||
=008  130725s2013\\\\enk\\\\\ob\\\|0|0\0|eng\\
=FMT  \\$a  BK
=015  \\$aGBB372703$2bnb
=040  \\$aUk$beng$cUk$erda
=042  \\$aukblsr
=082  04$a331.252913386340941$223
=110  1\$aGreat Britain.$bDepartment for Work and Pensions,$eauthor.
=245  10$aSupporting automatic enrolment :$binformation on small and medium employers.
=264  \1$a[London] :$bDepartment for Work and Pensions,$cJuly 2013.
=300  \\$a1 online resource (5 pages)
=336  \\$atext$2rdacontent
=337  \\$acomputer$2rdamedia
=338  \\$aonline resource$2rdacarrier
=504  \\$aIncludes bibliographical references.
=588  \\$aDescription based on online resource; title from PDF cover page (viewed on August 14, 2013).
=650  \0$aDefined contribution pension plans$zGreat Britain.
=650  \0$aSmall business$zGreat Britain.
=856  40$uhttps://www.gov.uk/government/uploads/system/uploads/attachment_data/file/209865/ad-hoc-supporting-ae-smes.pdf
=859  \\$aELD$bebook
=852  41$aBritish Library$bHMNTS$jELD Digital store
=CAT  \\$a12664$b40$c20130725$lBLL01$h1633
=CAT  \\$a8141$b40$c20130814$lBLL01$h0909
=CAT  \\$aWR14.047$c20140417$lBLL01$h1646
=CAT  \\$aW1611-0868$c20161114$lBLL01$h1414
=CAT  \\$aW1711-1225$c20171203$lBLL01$h1053
=FIN  \\$aY$d20130814
=STA  \\$aSUPPRESSED$bunable to determine reason for suppression
=LAS  \\$aW1711-1225$b00$c20171203$lBLL01$h1053

