=LDR  02247 am a2200553 i 4500
=001  016459165
=003  Uk
=005  20130829162813.0
=006  m\\\\||\\d\|\\\\\\
=007  cr\|||||||||||
=008  130726s2013\\\\enka|||\ob\\\\0||\0|eng\\
=FMT  \\$a  BK
=015  \\$aGBB365311$2bnb
=040  \\$aUk$beng$cUk$erda
=042  \\$aukblsr
=082  04$a618.9212$223
=100  1\$aPagel, C.$q(Christina),$eauthor.
=245  12$aA mortality risk model to adjust for case mix in UK paediatric cardiac surgery /$cC Pagel, KL Brown, S Crowe, M Utley, D Cunningham and VT Tsang.
=264  \1$aSouthampton :$bNIHR Journals Library,$cMay 2013.
=300  \\$a1 online resource (xvii, 133 pages) :$billustrations (black and white).
=336  \\$atext$2rdacontent
=337  \\$acomputer$2rdamedia
=338  \\$aonline resource$2rdacarrier
=490  1\$aHealth services and delivery research,$x2050-4349 ;$vvolume 1, issue 1
=504  \\$aIncludes bibliographical references.
=530  \\$aAlso issued in print format
=588  \\$aDescription based on online resource; title from PDF title page (viewed on July 30, 2013).
=650  \0$aPediatric cardiology.
=650  \0$aHeart$xSurgery.
=700  1\$aBrown, K. L.$q(Kate L.),$eauthor.
=700  1\$aCrowe, S.$q(Sonya),$eauthor.
=700  1\$aUtley, M.$q(Martin),$eauthor.
=700  1\$aCunningham, D.$q(David),$eauthor.
=700  1\$aTsang, V. T.$q(Victor T.),$eauthor.
=710  2\$aNIHR Journals Library,$epublisher.
=710  2\$aNational Institute for Health Research.
=830  \0$aHealth services and delivery research,$vvolume 1, issue 1.
=856  40$uhttp://www.journalslibrary.nihr.ac.uk/__data/assets/pdf_file/0006/67650/FullReport-hsdr01010.pdf
=859  \\$aELD$bebook
=852  41$aBritish Library$bHMNTS$jELD Digital store
=CAT  \\$a10902$b40$c20130726$lBLL01$h1125
=CAT  \\$a11281$b40$c20130730$lBLL01$h1036
=CAT  \\$a7332$b40$c20130829$lBLL01$h1628
=CAT  \\$aWR14.047$c20140417$lBLL01$h1646
=CAT  \\$aW1611-0868$c20161114$lBLL01$h1414
=CAT  \\$aW1711-1225$c20171203$lBLL01$h1053
=FIN  \\$aY$d20130730
=STA  \\$aSUPPRESSED$bunable to determine reason for suppression
=LAS  \\$aW1711-1225$b00$c20171203$lBLL01$h1053

