=LDR  02128 am a2200505 i 4500
=001  016459194
=003  Uk
=005  20130816080804.0
=006  m\\\\||\\d\|\\\\\\
=007  cr\|||||||||||
=008  130726s2013\\\\enka|||\ob\\\\0||\0|eng\\
=FMT  \\$a  BK
=015  \\$aGBB367099$2bnb
=040  \\$aUk$beng$cUk$erda
=042  \\$aukblsr
=082  04$a617.56075$223
=100  1\$aBeynon, R.$q(Rebecca),$eauthor.
=245  14$aThe diagnostic utility and cost-effectiveness of selective nerve root blocks in patients considered for lumbar decompression surgery :$ba systematic review and economic model /$cR Beynon [and eight others].
=264  \1$aSouthampton :$bNIHR Journals Library,$cMay 2013.
=300  \\$a1 online resource (xviii, 88 pages) :$billustrations (black and white).
=336  \\$atext$2rdacontent
=337  \\$acomputer$2rdamedia
=338  \\$aonline resource$2rdacarrier
=490  1\$aHealth technology assessment,$x1366-5278 ;$vvolume 17, issue 19
=504  \\$aIncludes bibliographical references.
=530  \\$aAlso issued in print format.
=588  \\$aDescription based on online resource; title from PDF title page (viewed on July 31, 2013).
=650  \0$aSpine$xDiseases$xTreatment.
=650  \0$aSpine$xSurgery.
=710  2\$aNIHR Journals Library,$epublisher.
=710  2\$aNational Institute for Health Research.
=830  \0$aHealth technology assessment (Winchester, England),$vvolume 17, issue 19.
=856  40$uhttp://www.journalslibrary.nihr.ac.uk/__data/assets/pdf_file/0006/67686/FullReport-hta17190.pdf
=859  \\$aELD$bebook
=852  41$aBritish Library$bHMNTS$jELD Digital store
=CAT  \\$a10902$b40$c20130726$lBLL01$h1139
=CAT  \\$a11281$b40$c20130731$lBLL01$h0946
=CAT  \\$a11281$b40$c20130731$lBLL01$h1047
=CAT  \\$a7332$b40$c20130816$lBLL01$h0808
=CAT  \\$aWR14.047$c20140417$lBLL01$h1646
=CAT  \\$aW1611-0868$c20161114$lBLL01$h1414
=CAT  \\$aW1711-1225$c20171203$lBLL01$h1053
=FIN  \\$aY$d20130731
=STA  \\$aSUPPRESSED$bunable to determine reason for suppression
=LAS  \\$aW1711-1225$b00$c20171203$lBLL01$h1053

