=LDR  02137 am a2200505 i 4500
=001  016459361
=003  Uk
=005  20131128082548.0
=006  m\\\\||\\d\|\\\\\\
=007  cr\|||||||||||
=008  130726s2013\\\\enka|||\ob\\\\0||\0|eng\\
=FMT  \\$a  BK
=015  \\$aGBB367120$2bnb
=040  \\$aUk$beng$cUk$erda
=042  \\$aukblsr
=082  04$a616.99424061$223
=100  1\$aBrown, T.$q(Tamara),$eauthor.
=245  10$aClinical effectiveness and cost-effectiveness of first-line chemotherapy for adult patients with locally advanced or metastatic non-small cell lung cancer :$ba systematic review and economic evaluation /$cT Brown [and twelve others].
=264  \1$aSouthampton :$bNIHR Journals Library,$cJuly 2013.
=300  \\$a1 online resource (xx, 278 pages) :$billustrations (black and white).
=336  \\$atext$2rdacontent
=337  \\$acomputer$2rdamedia
=338  \\$aonline resource$2rdacarrier
=490  1\$aHealth technology assessment,$x1366-5278 ;$vvolume 17, issue 31
=504  \\$aIncludes bibliographical references.
=530  \\$aAlso issued in print format.
=588  \\$aDescription based on online resource; title from PDF title page (viewed on July 31, 2013).
=650  \0$aLungs$xCancer$xChemotherapy.
=710  2\$aNIHR Journals Library,$epublisher.
=710  2\$aNational Institute for Health Research.
=830  \0$aHealth technology assessment (Winchester, England),$vvolume 17, issue 31.
=856  40$uhttp://www.journalslibrary.nihr.ac.uk/hta/volume-17/issue-31
=859  \\$aELD$bebook
=852  41$aBritish Library$bHMNTS$jELD Digital store
=CAT  \\$a10902$b40$c20130726$lBLL01$h1535
=CAT  \\$a10902$b40$c20130726$lBLL01$h1538
=CAT  \\$a11281$b40$c20130731$lBLL01$h1130
=CAT  \\$a7332$b40$c20131128$lBLL01$h0823
=CAT  \\$a7332$b40$c20131128$lBLL01$h0825
=CAT  \\$aWR14.047$c20140417$lBLL01$h1646
=CAT  \\$aW1611-0868$c20161114$lBLL01$h1415
=CAT  \\$aW1711-1225$c20171203$lBLL01$h1053
=FIN  \\$aY$d20130731
=STA  \\$aSUPPRESSED$bunable to determine reason for suppression
=LAS  \\$aW1711-1225$b00$c20171203$lBLL01$h1053

