=LDR  01017 am a22002773i 4500
=001  016460284
=003  Uk
=005  20130729153212.0
=006  m\\\\||\\d\|\\\\\\
=007  cr\|||||||||||
=008  130729s2013\\\\enk\\\\\o\\\\\0|0\0|eng\\
=FMT  \\$a  BK
=245  \4$aThe Fluorinated Greenhouse Gases (Amendment) Regulations (Northern Ireland) 2013 :$bA consultation Paper.
=264  \1$aBelfast :$bDepartment of the Environment,$c2013.
=336  \\$atext$2rdacontent
=337  \\$acomputer$2rdamedia
=338  \\$aonline resource$2rdacarrier
=856  40$uhttp://applications.doeni.gov.uk/publications/document.asp?docid=19317
=859  \\$aELD$bebook
=852  41$aBritish Library$bHMNTS$jELD Digital store
=CAT  \\$a10983$b40$c20130729$lBLL01$h1532
=CAT  \\$aWR14.047$c20140417$lBLL01$h1646
=CAT  \\$aW1611-0868$c20161114$lBLL01$h1415
=CAT  \\$aW1711-1225$c20171203$lBLL01$h1053
=STA  \\$aSUPPRESSED$bunable to determine reason for suppression
=LAS  \\$aW1711-1225$b00$c20171203$lBLL01$h1053

