=LDR  01123 am a22002773i 4500
=001  016460310
=003  Uk
=005  20130729160917.0
=006  m\\\\||\\d\|\\\\\\
=007  cr\|||||||||||
=008  130729s2013\\\\enk\\\\\o\\\\\0|0\0|eng\\
=FMT  \\$a  BK
=245  \0$aImproving the value of development consultants as policy advisors :$bA four-stage model for more effective, bespoke solutions.
=264  \1$aOxford :$bOxford Policy Management,$c2013.
=336  \\$atext$2rdacontent
=337  \\$acomputer$2rdamedia
=338  \\$aonline resource$2rdacarrier
=856  40$uhttp://www.opml.co.uk/sites/opml/files/Improving%20the%20value%20of%20development%20consultants%20as%20policy%20advisors-Development%20Futures%20April%202013.pdf
=859  \\$aELD$bebook
=852  41$aBritish Library$bHMNTS$jELD Digital store
=CAT  \\$a10983$b40$c20130729$lBLL01$h1609
=CAT  \\$aWR14.047$c20140417$lBLL01$h1646
=CAT  \\$aW1611-0868$c20161114$lBLL01$h1415
=CAT  \\$aW1711-1225$c20171203$lBLL01$h1053
=STA  \\$aSUPPRESSED$bunable to determine reason for suppression
=LAS  \\$aW1711-1225$b00$c20171203$lBLL01$h1053

