=LDR  01627 am a2200433 i 4500
=001  016460431
=003  Uk
=005  20130731121428.0
=006  m\\\\||\\d\|\\\\\\
=007  cr\|||||||||||
=008  130730s2013\\\\enka|||\ob\\\o0||\0|eng\\
=FMT  \\$a  BK
=015  \\$aGBB367126$2bnb
=020  \\$z9781781535653
=040  \\$aUk$beng$cUk$erda
=042  \\$aukblsr
=082  04$a362.40941$223
=110  1\$aGreat Britain.$bOffice for Disability Issues,$eauthor.
=245  10$aFulfilling potential.$pMaking it happen :$baction plan.
=264  \1$aLondon :$bDepartment for Work and Pensions,$cJuly 2013.
=300  \\$a1 online resource (114 pages) :$billustrations (colour)
=336  \\$atext$2rdacontent
=337  \\$acomputer$2rdamedia
=338  \\$aonline resource$2rdacarrier
=504  \\$aIncludes bibliographical references.
=530  \\$aAlso issued in print format.
=588  \\$aDescription based on online resource; title from PDF cover page (viewed on July 31, 2013).
=650  \0$aPeople with disabilities$xServices for$zGreat Britain.
=856  40$uhttp://odi.dwp.gov.uk/docs/fulfilling-potential/making-it-happen-action-plan.pdf
=859  \\$aELD$bebook
=852  41$aBritish Library$bHMNTS$jELD Digital store
=CAT  \\$a10902$b40$c20130730$lBLL01$h0933
=CAT  \\$a11281$b40$c20130731$lBLL01$h1214
=CAT  \\$aWR14.047$c20140417$lBLL01$h1646
=CAT  \\$aW1611-0868$c20161114$lBLL01$h1415
=CAT  \\$aW1711-1225$c20171203$lBLL01$h1053
=FIN  \\$aY$d20130731
=STA  \\$aSUPPRESSED$bunable to determine reason for suppression
=LAS  \\$aW1711-1225$b00$c20171203$lBLL01$h1053

