=LDR  01819 am a2200469 i 4500
=001  016460447
=003  Uk
=005  20130731142235.0
=006  m\\\\||\\d\|\\\\\\
=007  cr\|||||||||||
=008  130730s2013\\\\enka|||\ob\\\\0||\0|eng\\
=FMT  \\$a  BK
=015  \\$aGBB367139$2bnb
=020  \\$z9781445354576
=040  \\$aUk$beng$cUk$erda
=042  \\$aukblsr
=082  04$a378.196$223
=100  1\$aAtkinson, Simon Paul,$eauthor.
=245  10$aRe-visioning learning spaces :$bevolving faculty roles and emerging learning spaces /$cSimon Paul Atkinson.
=264  \1$aLondon :$bBPP University College,$c[2013]
=300  \\$a1 online resource (13 pages) :$billustrations (colour)
=336  \\$atext$2rdacontent
=337  \\$acomputer$2rdamedia
=338  \\$aonline resource$2rdacarrier
=500  \\$a"A BPP learning and teaching working paper - May 2013" -- cover page.
=504  \\$aIncludes bibliographical references.
=588  \\$aDescription based on online resource; title from PDF cover page (viewed on July 31, 2013).
=650  \0$aCollege buildings$xDesign and construction.
=650  \0$aEducation, Higher$xAdministration.
=710  2\$aBPP University College,$epublisher.
=856  40$uhttp://www.bpp.com/delegate/r/content/re-visioning_learning_spaces_may_2013.pdf
=859  \\$aELD$bebook
=852  41$aBritish Library$bHMNTS$jELD Digital store
=CAT  \\$a10902$b40$c20130730$lBLL01$h0955
=CAT  \\$a10902$b40$c20130730$lBLL01$h1003
=CAT  \\$a11281$b40$c20130731$lBLL01$h1422
=CAT  \\$aWR14.047$c20140417$lBLL01$h1646
=CAT  \\$aW1611-0868$c20161114$lBLL01$h1415
=CAT  \\$aW1711-1225$c20171203$lBLL01$h1053
=FIN  \\$aY$d20130731
=STA  \\$aSUPPRESSED$bunable to determine reason for suppression
=LAS  \\$aW1711-1225$b00$c20171203$lBLL01$h1053

