=LDR  01724 am a2200457 i 4500
=001  016460449
=003  Uk
=005  20130801080315.0
=006  m\\\\||\\d\|\\\\\\
=007  cr\|||||||||||
=008  130730s2013\\\\enka|||\ob\\\o0||\0|eng\\
=FMT  \\$a  BK
=015  \\$aGBB367166$2bnb
=020  \\$a9781445354606
=040  \\$aUk$beng$cUk$erda
=042  \\$aukblsr
=082  04$a332.10941$223
=100  1\$aBaber, Graeme,$eauthor.
=245  10$aUK banking and the financial crisis :$bwhat lessons have we learned? /$c[Graeme Baber].
=264  \1$aLondon :$bBPP University College,$cApril 2013.
=300  \\$a1 online resource (10 pages) :$billustrations (colour)
=336  \\$atext$2rdacontent
=337  \\$acomputer$2rdamedia
=338  \\$aonline resource$2rdacarrier
=500  \\$a"BPP Law School opinion piece" -- p.10 of PDF file.
=504  \\$aIncludes bibliographical references.
=588  \\$aDescription based on online resource; title from PDF cover page (viewed on August 1, 2013).
=650  \0$aBanks and banking$zGreat Britain.
=650  \0$aFinancial crises$zGreat Britain.
=710  2\$aBPP University College,$epublisher.
=856  40$uhttp://www.bpp.com/delegate/r/content/bpp_publications_banking_crisis_apr_2013.pdf
=859  \\$aELD$bebook
=852  41$aBritish Library$bHMNTS$jELD Digital store
=CAT  \\$a10902$b40$c20130730$lBLL01$h1000
=CAT  \\$a11281$b40$c20130801$lBLL01$h0803
=CAT  \\$aWR14.047$c20140417$lBLL01$h1646
=CAT  \\$aW1611-0868$c20161114$lBLL01$h1415
=CAT  \\$aW1711-1225$c20171203$lBLL01$h1053
=FIN  \\$aY$d20130801
=STA  \\$aSUPPRESSED$bunable to determine reason for suppression
=LAS  \\$aW1711-1225$b00$c20171203$lBLL01$h1053

