=LDR  01077 am a22003133i 4500
=001  016460496
=003  Uk
=005  20130730110929.0
=006  m\\\\||\\d\|\\\\\\
=007  cr\|||||||||||
=008  130730s2013\\\\enk\\\\\o\\\\\0|0\0|eng\\
=FMT  \\$a  BK
=020  \\$z978159359808
=245  \0$aForced labour in the UK.
=264  \1$aYork :$bJoseph Rowntree Foundation,$c2013.
=336  \\$atext$2rdacontent
=337  \\$acomputer$2rdamedia
=338  \\$aonline resource$2rdacarrier
=490  0\$aJRF programme paper ;$vForced labour
=690  7\$aSocial Welfare$2blcoll
=856  40$uhttp://www.jrf.org.uk/sites/files/jrf/Forced%20Labour%20in%20the%20UK%20FINAL%20prog%20paper.pdf
=859  \\$aELD$bebook
=852  41$aBritish Library$bHMNTS$jELD Digital store
=CAT  \\$a10876$b40$c20130730$lBLL01$h1109
=CAT  \\$aWR14.047$c20140417$lBLL01$h1646
=CAT  \\$aW1611-0868$c20161114$lBLL01$h1415
=CAT  \\$aW1711-1225$c20171203$lBLL01$h1053
=STA  \\$aSUPPRESSED$bunable to determine reason for suppression
=LAS  \\$aW1711-1225$b00$c20171203$lBLL01$h1053

