=LDR  02426 am a2200541 i 4500
=001  016460499
=003  Uk
=005  20130815131839.0
=006  m\\\\||\\d\|\\\\\\
=007  cr\|||||||||||
=008  130730s2013\\\\enka|||\ob\\\o0||\0|eng\\
=FMT  \\$a  BK
=015  \\$aGBB367174$2bnb
=020  \\$z978190953241
=040  \\$aUk$beng$cUk$erda
=042  \\$aukblsr
=082  04$a331.257620941$223
=100  1\$aShiels, Chris,$eauthor.
=245  10$aEvaluation of the statement of fitness for work (fit note) :$bquantitative survey of fit notes /$cChris Shiels, Department of Health Services Research at the University of Liverpool, Jim Hillage at the Institute for Employment Studies, Emma Pollard at the Institute for Employment Studies, Professor Mark Gabbay, Department of Health Services Research at the University of Liverpool.
=264  \1$a[London] :$bDepartment for Work & Pensions,$cJune 2013.
=300  \\$a1 online resource (95 pages) :$billustrations (black and white).
=336  \\$atext$2rdacontent
=337  \\$acomputer$2rdamedia
=338  \\$aonline resource$2rdacarrier
=490  1\$aResearch Report ;$vno. 841
=504  \\$aIncludes bibliographical references.
=588  \\$aDescription based on online resource; title from PDF cover page (viewed on August 1, 2013).
=650  \0$aEmployment re-entry$zGreat Britain.
=650  \0$aSick leave$zGreat Britain$xManagement.
=700  1\$aHillage, J.,$eauthor.
=700  1\$aPollard, Emma,$eauthor.
=700  1\$aGabbay, Mark,$eauthor.
=710  1\$aGreat Britain.$bDepartment for Work and Pensions,$esponsoring body.
=710  2\$aUniversity of Liverpool.
=710  2\$aInstitute for Employment Studies.
=830  \0$aResearch report (Department for Work and Pensions) ;$vno. 841.
=856  40$uhttp://socialwelfare.bl.uk/subject-areas/services-activity/employment/departmentforworkandpensions/150869rrep841.pdf
=859  \\$aELD$bebook
=852  41$aBritish Library$bHMNTS$jELD Digital store
=CAT  \\$a10902$b40$c20130730$lBLL01$h1112
=CAT  \\$a11281$b40$c20130801$lBLL01$h0948
=CAT  \\$a7332$b40$c20130815$lBLL01$h1318
=CAT  \\$aWR14.047$c20140417$lBLL01$h1646
=CAT  \\$aW1611-0868$c20161114$lBLL01$h1415
=CAT  \\$aW1711-1225$c20171203$lBLL01$h1053
=FIN  \\$aY$d20130801
=STA  \\$aSUPPRESSED$bunable to determine reason for suppression
=LAS  \\$aW1711-1225$b00$c20171203$lBLL01$h1053

