=LDR  02075 am a2200493 i 4500
=001  016460502
=003  Uk
=005  20130801113032.0
=006  m\\\\||\\d\|\\\\\\
=007  cr\|||||||||||
=008  130730s2013\\\\enka|||\ob\\\o0||\0|eng\\
=FMT  \\$a  BK
=015  \\$aGBB367179$2bnb
=020  \\$z9781909532427
=040  \\$aUk$beng$cUk$erda
=042  \\$aukblsr
=082  04$a362.779484$223
=110  2\$aTNS-BMRB (Firm),$eauthor.
=245  10$aEmployer perceptions of work experience and sector-based work academies /$ca report of research carried out by TNS-BMRB on behalf of the Department for Work and Pensions.
=264  \1$a[London] :$bDepartment for Work & Pensions,$cJune 2013.
=300  \\$a1 online resource (137 pages) :$billustrations (black and white).
=336  \\$atext$2rdacontent
=337  \\$acomputer$2rdamedia
=338  \\$aonline resource$2rdacarrier
=490  1\$aResearch Report ;$vno. 842
=504  \\$aIncludes bibliographical references.
=588  \\$aDescription based on online resource; title from PDF cover page (viewed on August 1, 2013).
=650  \0$aYouth$xEmployment$zGreat Britain.
=650  \0$aYouth$xGovernment policy$zGreat Britain.
=650  \0$aUnemployed youth$zGreat Britain.
=650  \0$aUnemployed youth$xGovernment policy$zGreat Britain.
=710  1\$aGreat Britain.$bDepartment for Work and Pensions,$esponsoring body.
=830  \0$aResearch report (Department for Work and Pensions) ;$vno. 842.
=856  40$uhttp://socialwelfare.bl.uk/subject-areas/services-activity/employment/departmentforworkandpensions/150861rrep842.pdf
=859  \\$aELD$bebook
=852  41$aBritish Library$bHMNTS$jELD Digital store
=CAT  \\$a10902$b40$c20130730$lBLL01$h1119
=CAT  \\$a11281$b40$c20130801$lBLL01$h1130
=CAT  \\$aWR14.047$c20140417$lBLL01$h1646
=CAT  \\$aW1611-0868$c20161114$lBLL01$h1415
=CAT  \\$aW1711-1225$c20171203$lBLL01$h1053
=FIN  \\$aY$d20130801
=STA  \\$aSUPPRESSED$bunable to determine reason for suppression
=LAS  \\$aW1711-1225$b00$c20171203$lBLL01$h1053

