=LDR  02067 am a2200481 i 4500
=001  016460507
=003  Uk
=005  20130808075918.0
=006  m\\\\||\\d\|\\\\\\
=007  cr\|||||||||||
=008  130730s2013\\\\enka|||\ob\\\o0||\0|eng\\
=FMT  \\$a  BK
=015  \\$aGBB370414$2bnb
=020  \\$z9781909532441
=040  \\$aUk$beng$cUk$erda
=042  \\$aukblsr
=082  04$a331.137942$223
=110  20$aUniversity of Warwick.$bInstitute for Employment Research,$eauthor.
=245  10$aLocal worklessness policy analysis case studies /$ca report of research carried out by Warwick Institute for Employment Research on behalf of the Department for Work and Pensions.
=264  \1$a[London] :$bDepartment for Work and Pensions,$cJune 2013.
=300  \\$a1 online resource (66 pages) :$b1 illustration (black and white).
=336  \\$atext$2rdacontent
=337  \\$acomputer$2rdamedia
=338  \\$aonline resource$2rdacarrier
=490  1\$aResearch report ;$vno. 844
=504  \\$aIncludes bibliographical references.
=588  \\$aDescription based on online resource; title from PDF cover page (viewed on August 8, 2013).
=650  \0$aUnemployment$zEngland$vCase studies.
=710  1\$aGreat Britain.$bDepartment for Work and Pensions,$eissuing body.
=830  \0$aResearch report (Great Britain, Department for Work and Pensions) ;$vno. 844.
=856  40$uhttp://socialwelfare.bl.uk/subject-areas/services-activity/employment/departmentforworkandpensions/150865rrep844.pdf
=859  \\$aELD$bebook
=852  41$aBritish Library$bHMNTS$jELD Digital store
=CAT  \\$a10902$b40$c20130730$lBLL01$h1123
=CAT  \\$a11281$b40$c20130808$lBLL01$h0742
=CAT  \\$a11281$b40$c20130808$lBLL01$h0743
=CAT  \\$a11281$b40$c20130808$lBLL01$h0759
=CAT  \\$aWR14.047$c20140417$lBLL01$h1646
=CAT  \\$aW1611-0868$c20161114$lBLL01$h1415
=CAT  \\$aW1711-1225$c20171203$lBLL01$h1053
=FIN  \\$aY$d20130808
=STA  \\$aSUPPRESSED$bunable to determine reason for suppression
=LAS  \\$aW1711-1225$b00$c20171203$lBLL01$h1053

