=LDR  01084cam a22003253i 4500
=001  016460508
=003  Uk
=005  20230117085505.0
=006  m\\\\||\\d\|\\\\\\
=007  cr\|||||||||||
=008  130730s2013\\\\enk\\\\\o\\\\\0|0\0|eng\\
=FMT  \\$a  BK
=020  \\$z9781859359839
=245  \2$aA minium income standard for the UK in 2013.
=264  \1$aYork :$bJoseph Rowntree Foundation,$c2013.
=336  \\$atext$2rdacontent
=337  \\$acomputer$2rdamedia
=338  \\$aonline resource$2rdacarrier
=490  0\$aReport
=690  7\$aSocial Welfare$2blcoll
=856  40$uhttp://www.jrf.org.uk/sites/files/jrf/income-living-standards-full.pdf
=859  \\$aELD$bebook
=852  41$aBritish Library$bHMNTS$jELD Digital store
=CAT  \\$a10876$b40$c20130730$lBLL01$h1126
=CAT  \\$aWR14.047$c20140417$lBLL01$h1646
=CAT  \\$aW1611-0868$c20161114$lBLL01$h1415
=CAT  \\$aW1711-1225$c20171203$lBLL01$h1053
=CAT  \\$a8250$b40$c20230117$lBLL01$h0855
=STA  \\$aSUPPRESSED$bunable to determine reason for suppression
=LAS  \\$a8250$b40$c20230117$lBLL01$h0855

