=LDR  02129 am a2200469 i 4500
=001  016460514
=003  Uk
=005  20130808081207.0
=006  m\\\\||\\d\|\\\\\\
=007  cr\|||||||||||
=008  130730s2013\\\\enka|||\ob\\\o0||\0|eng\\
=FMT  \\$a  BK
=015  \\$aGBB370417$2bnb
=020  \\$z9781909532489
=040  \\$aUk$beng$cUk$erda
=042  \\$aukblsr
=082  04$a331.590941$223
=110  2\$aCentre for Economic and Social Inclusion (London, England),$eauthor.
=245  10$aEvaluation of the work choice specialist disability employment programme :$bFindings from the 2011 early implementation and 2012 steady state waves of the research /$ca report of research carried out by Inclusion on behalf of the Department for Work and Pensions.
=264  \1$a[London] :$bDepartment for Work and Pensions,$cJuly 2013.
=300  \\$a1 online resource (197 pages) :$billustrations (black and white).
=336  \\$atext$2rdacontent
=337  \\$acomputer$2rdamedia
=338  \\$aonline resource$2rdacarrier
=490  1\$aResearch report ;$vno. 846
=504  \\$aIncludes bibliographical references.
=588  \\$aDescription based on online resource; title from PDF cover page (viewed on August 8, 2013).
=650  \0$aPeople with disabilities$xEmployment$zGreat Britain.
=650  \0$aPeople with disabilities$xEmployment$xServices for$zGreat Britain.
=710  1\$aGreat Britain.$bDepartment for Work and Pensions,$eissuing body.
=830  \0$aResearch report (Great Britain, Department for Work and Pensions) ;$vno. 846.
=856  40$uhttps://www.gov.uk/government/uploads/system/uploads/attachment_data/file/210683/rrep846.pdf
=859  \\$aELD$bebook
=852  41$aBritish Library$bHMNTS$jELD Digital store
=CAT  \\$a10902$b40$c20130730$lBLL01$h1132
=CAT  \\$a11281$b40$c20130808$lBLL01$h0812
=CAT  \\$aWR14.047$c20140417$lBLL01$h1646
=CAT  \\$aW1611-0868$c20161114$lBLL01$h1415
=CAT  \\$aW1711-1225$c20171203$lBLL01$h1053
=FIN  \\$aY$d20130808
=STA  \\$aSUPPRESSED$bunable to determine reason for suppression
=LAS  \\$aW1711-1225$b00$c20171203$lBLL01$h1053

