=LDR  01991 am a2200505 i 4500
=001  016460573
=003  Uk
=005  20130808113905.0
=006  m\\\\||\\d\|\\\\\\
=007  cr\|||||||||||
=008  130730s2013\\\\stkab||\ob\\\o0||\0|eng\\
=FMT  \\$a  BK
=015  \\$aGBB370445$2bnb
=020  \\$a9781782566243
=040  \\$aUk$beng$cUk$erda
=042  \\$aukblsr
=082  04$a333.9170941132$223
=245  00$aPilot Pentland Firth and Orkney waters marine spatial plan :$bplanning issues and options : consultation paper.
=264  \1$aEdinburgh :$bScottish Government,$cJune 2013.
=300  \\$a1 online resource (132 pages) :$billustrations (colour), maps (black and white)
=336  \\$atext$2rdacontent
=337  \\$acomputer$2rdamedia
=338  \\$aonline resource$2rdacarrier
=504  \\$aIncludes bibliographical references.
=588  \\$aDescription based on online resource; title from PDF title page (viewed on August 8, 2013).
=650  \0$aSpatial ecology$zScotland$zPentland Firth.
=650  \0$aSpatial ecology$zScotland$zOrkney.
=650  \0$aCoastal ecology$zScotland$zPentland Firth.
=650  \0$aCoastal ecology$zScotland$zOrkney.
=650  \0$aCoastal zone management$zScotland$zPentland Firth.
=650  \0$aCoastal zone management$zScotland$zOrkney.
=710  1\$aScotland.$bMarine Scotland.
=710  1\$aScotland.$bScottish Government,$eissuing body.
=856  40$uhttp://www.scotland.gov.uk/Resource/0042/00425039.pdf
=859  \\$aELD$bebook
=852  41$aBritish Library$bHMNTS$jELD Digital store
=CAT  \\$a10902$b40$c20130730$lBLL01$h1305
=CAT  \\$a11281$b40$c20130808$lBLL01$h1138
=CAT  \\$a11281$b40$c20130808$lBLL01$h1139
=CAT  \\$aWR14.047$c20140417$lBLL01$h1646
=CAT  \\$aW1611-0868$c20161114$lBLL01$h1415
=CAT  \\$aW1711-1225$c20171203$lBLL01$h1053
=FIN  \\$aY$d20130808
=STA  \\$aSUPPRESSED$bunable to determine reason for suppression
=LAS  \\$aW1711-1225$b00$c20171203$lBLL01$h1053

