=LDR  01749 am a2200445 i 4500
=001  016460597
=003  Uk
=005  20130808141427.0
=006  m\\\\||\\d\|\\\\\\
=007  cr\|||||||||||
=008  130730s2013\\\\enka|||\ob\\\\0||\0|eng\\
=FMT  \\$a  BK
=015  \\$aGBB370455$2bnb
=040  \\$aUk$beng$cUk$erda
=042  \\$aukblsr
=082  04$a307.76$223
=100  1\$aCoca-Stefaniak, Andres,$eauthor.
=245  10$asuccessful town centres - developing effective strategies.$p"Understanding your high street" /$clead author and researcher Andres Coca-Stefaniak.
=246  30$aUnderstanding your high street
=264  \1$aLondon :$bAssociation of Town & City Management,$c[2013]
=300  \\$a1 online resource (35 pages) :$billustrations (black and white, and colour)
=336  \\$atext$2rdacontent
=337  \\$acomputer$2rdamedia
=338  \\$aonline resource$2rdacarrier
=504  \\$aIncludes bibliographical references.
=588  \\$aDescription based on online resource; title from PDF cover page (viewed on August 8, 2013).
=650  \0$aCity planning$zGreat Britain.
=651  \0$aGreat Britain$xCommerce.
=710  2\$aAssociation of Town & City Management,$eissuing body.
=856  40$uhttps://www.atcm.org/atcm-mfiles/files/1227-Main_Report
=859  \\$aELD$bebook
=852  41$aBritish Library$bHMNTS$jELD Digital store
=CAT  \\$a10902$b40$c20130730$lBLL01$h1330
=CAT  \\$a11281$b40$c20130808$lBLL01$h1414
=CAT  \\$aWR14.047$c20140417$lBLL01$h1646
=CAT  \\$aW1611-0868$c20161114$lBLL01$h1415
=CAT  \\$aW1711-1225$c20171203$lBLL01$h1053
=FIN  \\$aY$d20130808
=STA  \\$aSUPPRESSED$bunable to determine reason for suppression
=LAS  \\$aW1711-1225$b00$c20171203$lBLL01$h1053

