=LDR  01141 am a22003133i 4500
=001  016460604
=003  Uk
=005  20130730144620.0
=006  m\\\\||\\d\|\\\\\\
=007  cr\|||||||||||
=008  130730s2013\\\\enk\\\\\o\\\\\0|0\0|eng\\
=FMT  \\$a  BK
=245  \0$aSolutions for the housing shortage :$bHow to build the 250,000 homes we need each year.
=264  \1$aLondon :$bShelter,$c2013
=336  \\$atext$2rdacontent
=337  \\$acomputer$2rdamedia
=338  \\$aonline resource$2rdacarrier
=500  \\$aPublished July 2013.
=690  7\$aSocial Welfare$2blcoll
=856  40$uhttp://england.shelter.org.uk/__data/assets/pdf_file/0011/689447/Solutions_for_the_housing_shortage_-_FINAL.pdf
=859  \\$aELD$bebook
=852  41$aBritish Library$bHMNTS$jELD Digital store
=CAT  \\$a10876$b40$c20130730$lBLL01$h1337
=CAT  \\$a10876$b40$c20130730$lBLL01$h1446
=CAT  \\$aWR14.047$c20140417$lBLL01$h1646
=CAT  \\$aW1611-0868$c20161114$lBLL01$h1415
=CAT  \\$aW1711-1225$c20171203$lBLL01$h1053
=STA  \\$aSUPPRESSED$bunable to determine reason for suppression
=LAS  \\$aW1711-1225$b00$c20171203$lBLL01$h1053

