=LDR  01573 am a2200421 i 4500
=001  016460626
=003  Uk
=005  20130812114743.0
=006  m\\\\||\\d\|\\\\\\
=007  cr\|||||||||||
=008  130730s2013\\\\enka|||\o\\\\\0||\0|eng\\
=FMT  \\$a  BK
=015  \\$aGBB370556$2bnb
=020  \\$z9781901799101
=040  \\$aUk$beng$cUk$erda
=042  \\$aukblsr
=082  04$a307.76$223
=245  00$asuccessful town centres - developing effective strategies.$nAnnex B,$pcase study, Coleford.
=264  \1$aLondon :$bAssociation of Town & City Management,$c[2013]
=300  \\$a1 online resource (5 pages) :$billustrations (colour)
=336  \\$atext$2rdacontent
=337  \\$acomputer$2rdamedia
=338  \\$aonline resource$2rdacarrier
=588  \\$aDescription based on online resource; title from PDF cover page (viewed on August 12, 2013).
=650  \0$aCity planning$zGreat Britain.
=651  \0$aGreat Britain$xCommerce.
=710  2\$aAssociation of Town & City Management,$eissuing body.
=856  40$uhttps://www.atcm.org/atcm-mfiles/files/1237-AnnexBCaseStudy%28Coleford%29
=859  \\$aELD$bebook
=852  41$aBritish Library$bHMNTS$jELD Digital store
=CAT  \\$a10902$b40$c20130730$lBLL01$h1354
=CAT  \\$a11281$b40$c20130812$lBLL01$h1147
=CAT  \\$aWR14.047$c20140417$lBLL01$h1646
=CAT  \\$aW1611-0868$c20161114$lBLL01$h1415
=CAT  \\$aW1711-1225$c20171203$lBLL01$h1053
=FIN  \\$aY$d20130812
=STA  \\$aSUPPRESSED$bunable to determine reason for suppression
=LAS  \\$aW1711-1225$b00$c20171203$lBLL01$h1053

