=LDR  01978 am a2200493 i 4500
=001  016460640
=003  Uk
=005  20130813074740.0
=006  m\\\\||\\d\|\\\\\\
=007  cr\|||||||||||
=008  130730s2013\\\\enk||||\ob\\\\0||\0|eng\\
=FMT  \\$a  BK
=015  \\$aGBB370734$2bnb
=020  \\$z9781859084854
=040  \\$aUk$beng$cUk$erda
=042  \\$aukblsr
=082  04$a657.980941$223
=100  1\$aConnolly, Ciaran,$eauthor.
=245  14$aThe accountability mechanisms and needs of external charity stakeholders /$cCiaran Connolly, Queen's University Belfast, Alpa Dhanani, Cardiff University, Noel Hyndman, Queen's University Belfast.
=264  \1$aLondon :$bCertified Accountants Educational Trust,$c2013.
=300  \\$a1 online resource (80 pages).
=336  \\$atext$2rdacontent
=337  \\$acomputer$2rdamedia
=338  \\$aonline resource$2rdacarrier
=490  0\$aResearch report ;$v132
=504  \\$aIncludes bibliographical references.
=588  \\$aDescription based on online resource; title from PDF title page (viewed on August 13, 2013).
=650  \0$aCharities$xAccounting.
=650  \0$aCharities$zGreat Britain.
=700  1\$aDhanani, Alpa,$eauthor.
=700  1\$aHyndman, Noel,$eauthor.
=710  2\$aCertified Accountants Educational Trust,$epublisher.
=710  2\$aAssociation of Chartered Certified Accountants (Great Britain)
=856  40$uhttp://www.accaglobal.com/content/dam/acca/global/PDF-technical/sustainability-reporting/RR-132-001.pdf
=859  \\$aELD$bebook
=852  41$aBritish Library$bHMNTS$jELD Digital store
=CAT  \\$a10902$b40$c20130730$lBLL01$h1407
=CAT  \\$a11281$b40$c20130813$lBLL01$h0747
=CAT  \\$aWR14.047$c20140417$lBLL01$h1646
=CAT  \\$aW1611-0868$c20161114$lBLL01$h1415
=CAT  \\$aW1711-1225$c20171203$lBLL01$h1053
=FIN  \\$aY$d20130813
=STA  \\$aSUPPRESSED$bunable to determine reason for suppression
=LAS  \\$aW1711-1225$b00$c20171203$lBLL01$h1053

