=LDR  01577 am a2200421 i 4500
=001  016460650
=003  Uk
=005  20130813081307.0
=006  m\\\\||\\d\|\\\\\\
=007  cr\|||||||||||
=008  130730s2012\\\\enk||||\ob\\\o0||\0|eng\\
=FMT  \\$a  BK
=015  \\$aGBB370737$2bnb
=020  \\$z9781781530214
=040  \\$aUk$beng$cUk$erda
=042  \\$aukblsr
=082  04$a368.400941$223
=245  00$aIncome support :$bhelp if you're on a low income.
=264  \1$a[London] :$bDepartment for Work and Pensions,$c[2012]
=300  \\$a1 online resource (15 pages)
=336  \\$atext$2rdacontent
=337  \\$acomputer$2rdamedia
=338  \\$aonline resource$2rdacarrier
=504  \\$aIncludes bibliographical references.
=588  \\$aDescription based on online resource; title from PDF cover page (viewed on August 13, 2013).
=650  \0$aSocial security$zGreat Britain.
=710  1\$aGreat Britain.$bDepartment for Work and Pensions,$eissuing body.
=856  40$uhttp://www.direct.gov.uk/prod_consum_dg/groups/dg_digitalassets/@dg/@en/@benefits/documents/digitalasset/dg_199996.pdf
=859  \\$aELD$bebook
=852  41$aBritish Library$bHMNTS$jELD Digital store
=CAT  \\$a10902$b40$c20130730$lBLL01$h1414
=CAT  \\$a11281$b40$c20130813$lBLL01$h0813
=CAT  \\$aWR14.047$c20140417$lBLL01$h1646
=CAT  \\$aW1611-0868$c20161114$lBLL01$h1415
=CAT  \\$aW1711-1225$c20171203$lBLL01$h1053
=FIN  \\$aY$d20130813
=STA  \\$aSUPPRESSED$bunable to determine reason for suppression
=LAS  \\$aW1711-1225$b00$c20171203$lBLL01$h1053

