=LDR  01953 am a2200481 i 4500
=001  016460677
=003  Uk
=005  20131028090115.0
=006  m\\\\||\\d\|\\\\\\
=007  cr\|||||||||||
=008  130730s2013\\\\enka|||\ob\\\o0||\0|eng\\
=FMT  \\$a  BK
=015  \\$aGBB370740$2bnb
=040  \\$aUk$beng$cUk$dUk$erda
=042  \\$aukblsr
=082  04$a371.8269420941$223
=245  00$aUnseen children :$baccess and achievement 20 years on : evidence report.
=264  \1$aManchester :$bOfsted,$c2013.
=300  \\$a1 online resource (108 pages) :$billustrations (colour)
=336  \\$atext$2rdacontent
=337  \\$acomputer$2rdamedia
=338  \\$aonline resource$2rdacarrier
=504  \\$aIncludes bibliographical references.
=588  \\$aDescription based on online resource; title from PDF cover page (viewed on August 13, 2013).
=650  \0$aChildren with social disabilities$xEducation$zGreat Britain.
=650  \0$aEducational equalization$zGreat Britain.
=650  \0$aPoverty$zGreat Britain.
=690  7\$aSocial Welfare$2blcoll
=710  1\$aGreat Britain.$bOffice for Standards in Education, Children's Services and Skills (England),$eissuing body.
=856  40$uhttp://www.ofsted.gov.uk/sites/default/files/documents/a-and-a/Unseen%20children%20-%20access%20and%20achievement%2020%20years%20on.pdf
=859  \\$aELD$bebook
=852  41$aBritish Library$bHMNTS$jELD Digital store
=CAT  \\$a10902$b40$c20130730$lBLL01$h1435
=CAT  \\$a10902$b40$c20130812$lBLL01$h1047
=CAT  \\$a11281$b40$c20130813$lBLL01$h0846
=CAT  \\$a7332$b40$c20131028$lBLL01$h0901
=CAT  \\$aWR14.047$c20140417$lBLL01$h1646
=CAT  \\$aBATCH-UPD$b00$c20161001$lBLL01$h1724
=CAT  \\$aW1611-0868$c20161114$lBLL01$h1415
=CAT  \\$aW1711-1225$c20171203$lBLL01$h1053
=FIN  \\$aY$d20130813
=STA  \\$aSUPPRESSED$bunable to determine reason for suppression
=LAS  \\$aW1711-1225$b00$c20171203$lBLL01$h1053

