=LDR  01887 am a2200457 i 4500
=001  016460692
=003  Uk
=005  20130813090932.0
=006  m\\\\||\\d\|\\\\\\
=007  cr\|||||||||||
=008  130730s2013\\\\enk||||\ob\\\o0||\0|eng\\
=FMT  \\$a  BK
=015  \\$aGBB370747$2bnb
=020  \\$z9781909532533
=040  \\$aUk$beng$cUk$erda
=042  \\$aukblsr
=082  04$a368.400941$223
=110  1\$aGreat Britain.$bDepartment for Work and Pensions.$bUniversal Credit Evaluation Team,$eauthor.
=245  10$aLocal authority led pilots :$ba summary of early learning from the pilots /$ca report of research carried out by the Universal Credit Evaluation team of the Department for Work and Pensions.
=264  \1$a[London] :$bDepartment for Work and Pensions,$c2013.
=300  \\$a1 online resource (19 pages).
=336  \\$atext$2rdacontent
=337  \\$acomputer$2rdamedia
=338  \\$aonline resource$2rdacarrier
=490  1\$aResearch Report ;$vno. 848
=504  \\$aIncludes bibliographical references.
=588  \\$aDescription based on online resource; title from PDF cover page (viewed on August 13, 2013).
=650  \0$aSocial security$zGreat Britain.
=700  1\$aKirkpatrick, Andrea,$eauthor.
=830  \0$aResearch report (Department for Work and Pensions) ;$vno. 848.
=856  40$uhttps://www.gov.uk/government/uploads/system/uploads/attachment_data/file/225068/rrep848.pdf
=859  \\$aELD$bebook
=852  41$aBritish Library$bHMNTS$jELD Digital store
=CAT  \\$a10902$b40$c20130730$lBLL01$h1443
=CAT  \\$a11281$b40$c20130813$lBLL01$h0909
=CAT  \\$aWR14.047$c20140417$lBLL01$h1646
=CAT  \\$aW1611-0868$c20161114$lBLL01$h1415
=CAT  \\$aW1711-1225$c20171203$lBLL01$h1053
=FIN  \\$aY$d20130813
=STA  \\$aSUPPRESSED$bunable to determine reason for suppression
=LAS  \\$aW1711-1225$b00$c20171203$lBLL01$h1053

