=LDR  01649 am a2200433 i 4500
=001  016460725
=003  Uk
=005  20130813141759.0
=006  m\\\\||\\d\|\\\\\\
=007  cr\|||||||||||
=008  130730s2013\\\\enkab||\ob\\\o0||\0|eng\\
=FMT  \\$a  BK
=015  \\$aGBB370810$2bnb
=040  \\$aUk$beng$cUk$erda
=042  \\$aukblsr
=082  04$a363.12265094214$223
=110  1\$aGreat Britain.$bRail Accident Investigation Branch,$eauthor.
=245  10$aAccident at Charing Cross station :$b24 November 2012.
=264  \1$aDerby :$bRAIB,$cJuly 2013.
=300  \\$a1 online resource (25 pages) :$billustrations (colour), 1 map (colour).
=336  \\$atext$2rdacontent
=337  \\$acomputer$2rdamedia
=338  \\$aonline resource$2rdacarrier
=490  0\$aRail accident report ;$v10/2013
=504  \\$aIncludes bibliographical references.
=588  \\$aDescription based on online resource; title from PDF cover page (viewed on August 13, 2013).
=650  \0$aRailroad accidents$xInvestigation$zEngland$zLondon.
=650  \0$aRailroad accidents$zEngland$zLondon.
=856  40$uhttp://www.raib.gov.uk/cms_resources.cfm?file=/130725_R102013_Charing_Cross.pdf
=859  \\$aELD$bebook
=852  41$aBritish Library$bHMNTS$jELD Digital store
=CAT  \\$a10902$b40$c20130730$lBLL01$h1542
=CAT  \\$a11281$b40$c20130813$lBLL01$h1417
=CAT  \\$aWR14.047$c20140417$lBLL01$h1646
=CAT  \\$aW1611-0868$c20161114$lBLL01$h1415
=CAT  \\$aW1711-1225$c20171203$lBLL01$h1053
=FIN  \\$aY$d20130813
=STA  \\$aSUPPRESSED$bunable to determine reason for suppression
=LAS  \\$aW1711-1225$b00$c20171203$lBLL01$h1053

