=LDR  01138 am a22003013i 4500
=001  016460728
=003  Uk
=005  20130730154819.0
=006  m\\\\||\\d\|\\\\\\
=007  cr\|||||||||||
=008  130730s2013\\\\enk\\\\\o\\\\\0|0\0|eng\\
=FMT  \\$a  BK
=245  \0$aA review and summary of the impact of malnutrition in older people and the reported costs and benefits of interventions.
=264  \1$aLondon :$bMalnutrition Task Force,$c2013.
=336  \\$atext$2rdacontent
=337  \\$acomputer$2rdamedia
=338  \\$aonline resource$2rdacarrier
=690  7\$aSocial Welfare$2blcoll
=856  40$uhttp://www.ilcuk.org.uk/images/uploads/publication-pdfs/Costs_and_Benefits_Report_June_2013.pdf
=859  \\$aELD$bebook
=852  41$aBritish Library$bHMNTS$jELD Digital store
=CAT  \\$a10876$b40$c20130730$lBLL01$h1546
=CAT  \\$a10876$b40$c20130730$lBLL01$h1548
=CAT  \\$aWR14.047$c20140417$lBLL01$h1646
=CAT  \\$aW1611-0868$c20161114$lBLL01$h1415
=CAT  \\$aW1711-1225$c20171203$lBLL01$h1053
=STA  \\$aSUPPRESSED$bunable to determine reason for suppression
=LAS  \\$aW1711-1225$b00$c20171203$lBLL01$h1053

