=LDR  02136 am a2200529 i 4500
=001  016462480
=003  Uk
=005  20130925114505.0
=006  m\\\\||\\d\|\\\\\\
=007  cr\|||||||||||
=008  130731s2013\\\\wlka|||\ob\\\o0||\0|eng\\
=FMT  \\$a  BK
=015  \\$aGBB372697$2bnb
=020  \\$z9780750494175
=040  \\$aUk$beng$cUk$erda
=042  \\$aukblsr
=082  04$a362.29$223
=100  1\$aBennett, Trevor,$eauthor.
=245  10$aEvaluation of the implementation of the substance misuse strategy for Wales /$cProfessor Trevor Bennett, Dr Katy Holloway, Professor Mike Maguire, in collaboration with Professor Odette Parry, Kate Williams, Dr Rossana Oretti.
=264  \1$a[Cardiff] :$bWelsh Government Social Research,$c2013.
=300  \\$a1 online resource (135 pages) :$billustrations (colour)
=336  \\$atext$2rdacontent
=337  \\$acomputer$2rdamedia
=338  \\$aonline resource$2rdacarrier
=500  \\$a"Number: 28/2013."
=504  \\$aIncludes bibliographical references.
=588  \\$aDescription based on online resource; title from PDF title page (viewed on August 14, 2013).
=650  \0$aDrug abuse and crime$zWales.
=700  1\$aHolloway, Katy,$eauthor.
=700  1\$aMaguire, Mike,$eauthor.
=700  1\$aParry, Odette,$d1954-$eauthor.
=700  1\$aWilliams, Katherine S.,$eauthor.
=700  1\$aOretti, Rossana,$eauthor.
=710  1\$aWales.$bSocial Research Division,$eissuing body.
=856  40$uhttp://wales.gov.uk/docs/caecd/research/130610-evaluation-implementation-substance-misuse-strategy-en.pdf
=859  \\$aELD$bebook
=852  41$aBritish Library$bHMNTS$jELD Digital store
=CAT  \\$a10902$b40$c20130731$lBLL01$h0802
=CAT  \\$a11281$b40$c20130814$lBLL01$h0751
=CAT  \\$a11281$b40$c20130814$lBLL01$h0802
=CAT  \\$a7332$b40$c20130925$lBLL01$h1145
=CAT  \\$aWR14.047$c20140417$lBLL01$h1646
=CAT  \\$aW1611-0868$c20161114$lBLL01$h1415
=CAT  \\$aW1711-1225$c20171203$lBLL01$h1053
=FIN  \\$aY$d20130814
=STA  \\$aSUPPRESSED$bunable to determine reason for suppression
=LAS  \\$aW1711-1225$b00$c20171203$lBLL01$h1053

