=LDR  01945 am a2200469 i 4500
=001  016462482
=003  Uk
=005  20130814081642.0
=006  m\\\\||\\d\|\\\\\\
=007  cr\|||||||||||
=008  130731s2013\\\\wlk||||\ob\\\o0||\0|eng\\
=FMT  \\$a  BK
=015  \\$aGBB372701$2bnb
=020  \\$z9780750494427
=040  \\$aUk$beng$cUk$erda
=042  \\$aukblsr
=082  04$a362.109429$223
=100  1\$aMcAllister, Fiona,$eauthor.
=245  14$aThe people's NHS :$bresearch to support the consultation on creating a 'compact' with the people of Wales in relation to their health and health services /$cFiona McAllister, Managing Director, Beaufort Research, Adam Blunt, Associate Director, Beaufort Research.
=264  \1$a[Cardiff] :$bWelsh Government Social Research,$c2013.
=300  \\$a1 online resource (88 pages)
=336  \\$atext$2rdacontent
=337  \\$acomputer$2rdamedia
=338  \\$aonline resource$2rdacarrier
=500  \\$a"Number: 24/2013."
=504  \\$aIncludes bibliographical references.
=588  \\$aDescription based on online resource; title from PDF title page (viewed on August 14, 2013).
=610  20$aNHS Wales$xPublic opinion.
=650  \0$aMedical care$zWales.
=700  1\$aBlunt, Adam,$eauthor.
=710  1\$aWales.$bSocial Research Division,$eissuing body.
=856  40$uhttp://wales.gov.uk/docs/caecd/research/130603-peoples-nhs-research-support-consultation-compact-people-relation-health-services-en.pdf
=859  \\$aELD$bebook
=852  41$aBritish Library$bHMNTS$jELD Digital store
=CAT  \\$a10902$b40$c20130731$lBLL01$h0809
=CAT  \\$a11281$b40$c20130814$lBLL01$h0816
=CAT  \\$aWR14.047$c20140417$lBLL01$h1646
=CAT  \\$aW1611-0868$c20161114$lBLL01$h1415
=CAT  \\$aW1711-1225$c20171203$lBLL01$h1053
=FIN  \\$aY$d20130814
=STA  \\$aSUPPRESSED$bunable to determine reason for suppression
=LAS  \\$aW1711-1225$b00$c20171203$lBLL01$h1053

