=LDR  01699 am a2200445 i 4500
=001  016462483
=003  Uk
=005  20130814090352.0
=006  m\\\\||\\d\|\\\\\\
=007  cr\|||||||||||
=008  130731s2013\\\\wlk||||\ob\\\o0||\0|eng\\
=FMT  \\$a  BK
=015  \\$aGBB372702$2bnb
=020  \\$z9780750495220
=040  \\$aUk$beng$cUk$erda
=042  \\$aukblsr
=082  04$a370.7109429$223
=245  00$aInitial teacher training incentives for Open University PGCE courses 2013/14.
=264  \1$aCardiff :$bWelsh Government,$cJune 2013.
=300  \\$a1 online resource (12 pages).
=336  \\$atext$2rdacontent
=337  \\$acomputer$2rdamedia
=338  \\$aonline resource$2rdacarrier
=490  1\$aInformation document ;$vno. 124/2013
=504  \\$aIncludes bibliographical references.
=588  \\$aDescription based on online resource; title from PDF cover page (viewed on August 14, 2013).
=650  \0$aTeachers$xTraining of$zWales.
=710  1\$aWales.$bSchool Standards and Delivery Division,$eissuing body.
=830  \0$aInformation document (Wales. Welsh Government) ;$vno. 124/2013.
=856  40$uhttp://wales.gov.uk/docs/dcells/publications/130702-pgce-teacher-training-incentives-1314-en.pdf
=859  \\$aELD$bebook
=852  41$aBritish Library$bHMNTS$jELD Digital store
=CAT  \\$a10902$b40$c20130731$lBLL01$h0817
=CAT  \\$a11281$b40$c20130814$lBLL01$h0903
=CAT  \\$aWR14.047$c20140417$lBLL01$h1646
=CAT  \\$aW1611-0868$c20161114$lBLL01$h1415
=CAT  \\$aW1711-1225$c20171203$lBLL01$h1053
=FIN  \\$aY$d20130814
=STA  \\$aSUPPRESSED$bunable to determine reason for suppression
=LAS  \\$aW1711-1225$b00$c20171203$lBLL01$h1053

