=LDR  01667 am a2200457 i 4500
=001  016462493
=003  Uk
=005  20130814094626.0
=006  m\\\\||\\d\|\\\\\\
=007  cr\|||||||||||
=008  130731s2013\\\\enka|||\ob\\\\0||\0|eng\\
=FMT  \\$a  BK
=015  \\$aGBB372707$2bnb
=020  \\$z9781909274013
=040  \\$aUk$beng$cUk$erda
=042  \\$aukblsr
=082  04$a330.941$223
=100  1\$aOwen, Jo,$eauthor.
=245  14$aThe wrong sort of money? :$boptions for quantitative easing /$cJo Owen.
=264  \1$a[London] :$bCentreForum,$c[May 2013]
=300  \\$a1 online resource (55 pages) :$billustrations (colour)
=336  \\$atext$2rdacontent
=337  \\$acomputer$2rdamedia
=338  \\$aonline resource$2rdacarrier
=504  \\$aIncludes bibliographical references.
=588  \\$aDescription based on online resource; title from PDF title page (viewed on August 14, 2013).
=650  \0$aQuantitative easing (Monetary policy)
=650  \0$aMonetary policy$zGreat Britain.
=651  \0$aGreat Britain$xEconomic conditions.
=710  2\$aCentreForum (Organisation),$epublisher.
=856  40$uhttp://www.centreforum.org/assets/pubs/the-wrong-sort-of-money.pdf
=859  \\$aELD$bebook
=852  41$aBritish Library$bHMNTS$jELD Digital store
=CAT  \\$a10902$b40$c20130731$lBLL01$h0845
=CAT  \\$a11281$b40$c20130814$lBLL01$h0946
=CAT  \\$aWR14.047$c20140417$lBLL01$h1646
=CAT  \\$aW1611-0868$c20161114$lBLL01$h1415
=CAT  \\$aW1711-1225$c20171203$lBLL01$h1053
=FIN  \\$aY$d20130814
=STA  \\$aSUPPRESSED$bunable to determine reason for suppression
=LAS  \\$aW1711-1225$b00$c20171203$lBLL01$h1053

