=LDR  02214 am a2200541 i 4500
=001  016462499
=003  Uk
=005  20130916140601.0
=006  m\\\\||\\d\|\\\\\\
=007  cr\|||||||||||
=008  130731s2013\\\\enka|||\ob\\\\0||\0|eng\\
=FMT  \\$a  BK
=015  \\$aGBB372720$2bnb
=040  \\$aUk$beng$cUk$erda
=042  \\$aukblsr
=082  04$a338.0941$223
=100  1\$aBlundell, Richard,$eauthor.
=245  10$aWhat can wages and employment tell us about the UK's productivity puzzle? /$cRichard Blundell, University College London and Institute for Fiscal Studies, Claire Crawford, Institute for Fiscal Studies, Wenchao Jin, Institute for Fiscal Studies.
=264  \1$a[London] :$b[Institute for Fiscal Studies],$cJune 2013.
=300  \\$a1 online resource (32 pages) :$billustrations (black and white)
=336  \\$atext$2rdacontent
=337  \\$acomputer$2rdamedia
=338  \\$aonline resource$2rdacarrier
=504  \\$aIncludes bibliographical references.
=588  \\$aDescription based on online resource; title from PDF cover page (viewed on August 14, 2013).
=650  \0$aIndustrial productivity$zGreat Britain.
=650  \0$aFactors of production$zGreat Britain.
=650  \0$aWages$zGreat Britain.
=650  \0$aLabor market$zGreat Britain.
=690  7\$aManagement and Business Studies$2blcoll
=690  7\$aSocial Welfare$2blcoll
=700  1\$aCrawford, Claire,$eauthor.
=700  1\$aJin, Wenchao,$eauthor.
=710  2\$aInstitute for Fiscal Studies (Great Britain),$eissuing body.
=856  40$uhttp://www.ifs.org.uk/wps/wp201311.pdf
=859  \\$aELD$bebook
=852  41$aBritish Library$bHMNTS$jELD Digital store
=CAT  \\$a10902$b40$c20130731$lBLL01$h0903
=CAT  \\$a11281$b40$c20130814$lBLL01$h1141
=CAT  \\$a10902$b40$c20130916$lBLL01$h1406
=CAT  \\$aWR14.047$c20140417$lBLL01$h1646
=CAT  \\$aBATCH-UPD$b00$c20150108$lBLL01$h0439
=CAT  \\$aW1611-0868$c20161114$lBLL01$h1415
=CAT  \\$aBATCH-UPD$b00$c20170928$lBLL01$h1511
=CAT  \\$aW1711-1225$c20171203$lBLL01$h1053
=FIN  \\$aY$d20130814
=STA  \\$aSUPPRESSED$bunable to determine reason for suppression
=LAS  \\$aW1711-1225$b00$c20171203$lBLL01$h1053

