=LDR  02073 am a2200541 i 4500
=001  016462502
=003  Uk
=005  20130916140446.0
=006  m\\\\||\\d\|\\\\\\
=007  cr\|||||||||||
=008  130731s2013\\\\enka|||\ob\\\\0||\0|eng\\
=FMT  \\$a  BK
=015  \\$aGBB372735$2bnb
=040  \\$aUk$beng$cUk$erda
=042  \\$aukblsr
=082  04$a153.46$223
=100  1\$aAlan, Sule,$eauthor.
=245  10$aParental socialisation effort and the intergenerational transmission of risk preferences /$cSule Alan, Nazli Baydar, Teodora Boneva, Thomas F. Crossley, Seda Ertac.
=264  \1$a[London] :$bInstitute for Fiscal Studies,$cApril 2013.
=300  \\$a1 online resource (19 pages, 12 unnumbered pages) :$billustrations (colour).
=336  \\$atext$2rdacontent
=337  \\$acomputer$2rdamedia
=338  \\$aonline resource$2rdacarrier
=490  0\$aIFS working paper ;$vW13/12
=504  \\$aIncludes bibliographical references.
=588  \\$aDescription based on online resource; title from PDF cover page (viewed on August 14, 2013).
=650  \0$aMother and child.
=650  \0$aRisk perception.
=690  7\$aSocial Welfare$2blcoll
=700  1\$aBaydar, Nazli,$eauthor.
=700  1\$aBoneva, Teodora,$eauthor.
=700  1\$aCrossley, Thomas F.,$eauthor.
=700  1\$aErtac, Seda,$eauthor.
=710  2\$aInstitute for Fiscal Studies (Great Britain),$eissuing body.
=856  40$uhttp://www.ifs.org.uk/wps/wp201312.pdf
=859  \\$aELD$bebook
=852  41$aBritish Library$bHMNTS$jELD Digital store
=CAT  \\$a10902$b40$c20130731$lBLL01$h0907
=CAT  \\$a11281$b40$c20130814$lBLL01$h1343
=CAT  \\$a11281$b40$c20130814$lBLL01$h1409
=CAT  \\$a11281$b40$c20130814$lBLL01$h1424
=CAT  \\$a10902$b40$c20130916$lBLL01$h1404
=CAT  \\$aWR14.047$c20140417$lBLL01$h1646
=CAT  \\$aW1611-0868$c20161114$lBLL01$h1415
=CAT  \\$aW1711-1225$c20171203$lBLL01$h1053
=FIN  \\$aY$d20130814
=STA  \\$aSUPPRESSED$bunable to determine reason for suppression
=LAS  \\$aW1711-1225$b00$c20171203$lBLL01$h1053

