=LDR  02009 am a2200517 i 4500
=001  016462504
=003  Uk
=005  20130916140348.0
=006  m\\\\||\\d\|\\\\\\
=007  cr\|||||||||||
=008  130731s2013\\\\enka|||\ob\\\\0||\0|eng\\
=FMT  \\$a  BK
=015  \\$aGBB372739$2bnb
=040  \\$aUk$beng$cUk$erda
=042  \\$aukblsr
=082  04$a613.85$223
=100  1\$aLeicester, Andrew,$d1980-$eauthor.
=245  10$aAnti-smoking policies and smoker well-being :$bevidence from Britain /$cAndrew Leicester and Peter Levell.
=264  \1$a[London] :$bInstitute for Fiscal Studies,$cJune 14 2013.
=300  \\$a1 online resource (36 pages) :$billustrations (colour).
=336  \\$atext$2rdacontent
=337  \\$acomputer$2rdamedia
=338  \\$aonline resource$2rdacarrier
=490  0\$aIFS working paper ;$vW13/13
=504  \\$aIncludes bibliographical references.
=588  \\$aDescription based on online resource; title from PDF cover page (viewed on August 14, 2013).
=650  \0$aSmoking$xLaw and legislation$zGreat Britain.
=650  \0$aCigarette smokers$zGreat Britain$xAttitudes.
=650  \0$aCigarette smokers$xHealth and hygiene$zGreat Britain.
=690  7\$aSocial Welfare$2blcoll
=700  1\$aLevell, Peter,$eauthor.
=710  2\$aInstitute for Fiscal Studies (Great Britain),$eissuing body.
=856  40$uhttp://www.ifs.org.uk/wps/wp201313.pdf
=859  \\$aELD$bebook
=852  41$aBritish Library$bHMNTS$jELD Digital store
=CAT  \\$a10902$b40$c20130731$lBLL01$h0911
=CAT  \\$a11281$b40$c20130814$lBLL01$h1410
=CAT  \\$a11281$b40$c20130814$lBLL01$h1424
=CAT  \\$a11281$b40$c20130814$lBLL01$h1425
=CAT  \\$a10902$b40$c20130916$lBLL01$h1403
=CAT  \\$aWR14.047$c20140417$lBLL01$h1646
=CAT  \\$aW1611-0868$c20161114$lBLL01$h1415
=CAT  \\$aW1711-1225$c20171203$lBLL01$h1053
=FIN  \\$aY$d20130814
=STA  \\$aSUPPRESSED$bunable to determine reason for suppression
=LAS  \\$aW1711-1225$b00$c20171203$lBLL01$h1053

