=LDR  01754 am a2200457 i 4500
=001  016462506
=003  Uk
=005  20130814160416.0
=006  m\\\\||\\d\|\\\\\\
=007  cr\|||||||||||
=008  130731s2013\\\\enk||||\o\\\\\0||\0|eng\\
=FMT  \\$a  BK
=015  \\$aGBB372741$2bnb
=040  \\$aUk$beng$cUk$erda
=042  \\$aukblsr
=082  04$a333.79160942$223
=100  1\$aLeicester, Andrew,$d1980-$eauthor.
=245  10$aPeople or places? factors associated with the presence of domestic energy efficiency measures in England /$cAndrew Leicester, George Stoye.
=264  \1$a[London] :$bInstitute for Fiscal Studies,$cJune 2013.
=300  \\$a1 online resource (39 pages) :$billustrations (colour).
=336  \\$atext$2rdacontent
=337  \\$acomputer$2rdamedia
=338  \\$aonline resource$2rdacarrier
=490  0\$aIFS working paper ;$vW13/14
=588  \\$aDescription based on online resource; title from PDF cover page (viewed on August 14, 2013).
=650  \0$aEnergy consumption$zEngland.
=650  \0$aEnergy conservation$zEngland.
=700  1\$aStoye, George,$eauthor.
=710  2\$aInstitute for Fiscal Studies (Great Britain),$eissuing body.
=856  40$uhttp://www.ifs.org.uk/wps/wp201314.pdf
=859  \\$aELD$bebook
=852  41$aBritish Library$bHMNTS$jELD Digital store
=CAT  \\$a10902$b40$c20130731$lBLL01$h0915
=CAT  \\$a11281$b40$c20130814$lBLL01$h1431
=CAT  \\$a11281$b40$c20130814$lBLL01$h1604
=CAT  \\$aWR14.047$c20140417$lBLL01$h1646
=CAT  \\$aW1611-0868$c20161114$lBLL01$h1415
=CAT  \\$aW1711-1225$c20171203$lBLL01$h1053
=FIN  \\$aY$d20130814
=STA  \\$aSUPPRESSED$bunable to determine reason for suppression
=LAS  \\$aW1711-1225$b00$c20171203$lBLL01$h1053

