=LDR  01894 am a2200481 i 4500
=001  016462509
=003  Uk
=005  20130814162456.0
=006  m\\\\||\\d\|\\\\\\
=007  cr\|||||||||||
=008  130731s2013\\\\enka|||\ob\\\\0||\0|eng\\
=FMT  \\$a  BK
=015  \\$aGBB372752$2bnb
=040  \\$aUk$beng$cUk$erda
=042  \\$aukblsr
=082  04$a332.024020846$223
=100  1\$aKneale, Dylan,$eauthor.
=245  10$aTales of the tallyman :$bdebt and problem debt among older people /$cDylan Kneale and Trinley Walker.
=246  30$aDebt and problem debt among older people
=264  \1$aLondon :$bInternational Longevity Centre - UK,$cJune 2013.
=300  \\$a1 online resource (115 pages) :$billustrations (colour)
=336  \\$atext$2rdacontent
=337  \\$acomputer$2rdamedia
=338  \\$aonline resource$2rdacarrier
=504  \\$aIncludes bibliographical references.
=588  \\$aDescription based on online resource; title from PDF cover page (viewed on August 14, 2013).
=650  \0$aOlder people$zGreat Britain.
=650  \0$aFinance, Personal$zGreat Britain.
=650  \0$aDebt$zGreat Britain.
=650  \0$aConsumer credit$zGreat Britain.
=700  1\$aWalker, Trinley,$eauthor.
=710  2\$aInternational Longevity Centre UK,$eissuing body.
=856  40$uhttp://www.ilcuk.org.uk/images/uploads/publication-pdfs/Tales_of_the_Tallyman_-_Debt_and_problem_debt_among_older_people.pdf
=859  \\$aELD$bebook
=852  41$aBritish Library$bHMNTS$jELD Digital store
=CAT  \\$a10902$b40$c20130731$lBLL01$h0923
=CAT  \\$a11281$b40$c20130814$lBLL01$h1624
=CAT  \\$aWR14.047$c20140417$lBLL01$h1646
=CAT  \\$aW1611-0868$c20161114$lBLL01$h1415
=CAT  \\$aW1711-1225$c20171203$lBLL01$h1053
=FIN  \\$aY$d20130814
=STA  \\$aSUPPRESSED$bunable to determine reason for suppression
=LAS  \\$aW1711-1225$b00$c20171203$lBLL01$h1053

