=LDR  01770 am a2200469 i 4500
=001  016462512
=003  Uk
=005  20130814165123.0
=006  m\\\\||\\d\|\\\\\\
=007  cr\|||||||||||
=008  130731s2013\\\\enka|||\ob\\\\0||\0|eng\\
=FMT  \\$a  BK
=015  \\$aGBB372755$2bnb
=020  \\$z9781907689505
=040  \\$aUk$beng$cUk$erda
=042  \\$aukblsr
=082  04$a332.10941$223
=100  1\$aBarty, James,$eauthor.
=245  10$aPrivatising the banks :$bcreating a new generation of shareholders /$cJames Barty, Emily Redding.
=264  \1$aLondon :$bPolicy Exchange,$c[2013]
=300  \\$a1 online resource (56 pages) :$billustrations (colour)
=336  \\$atext$2rdacontent
=337  \\$acomputer$2rdamedia
=338  \\$aonline resource$2rdacarrier
=504  \\$aIncludes bibliographical references.
=588  \\$aDescription based on online resource; title from PDF title page (viewed on August 14, 2013).
=650  \0$aBanks and banking$zGreat Britain.
=650  \0$aBanks and banking$xGovernment ownership$zGreat Britain.
=650  \0$aPrivatization$zGreat Britain.
=700  1\$aRedding, Emily,$eauthor.
=710  2\$aPolicy Exchange (Think tank),$epublisher.
=856  40$uhttp://www.policyexchange.org.uk/images/publications/privatising%20the%20banks.pdf
=859  \\$aELD$bebook
=852  41$aBritish Library$bHMNTS$jELD Digital store
=CAT  \\$a10902$b40$c20130731$lBLL01$h0929
=CAT  \\$a11281$b40$c20130814$lBLL01$h1651
=CAT  \\$aWR14.047$c20140417$lBLL01$h1646
=CAT  \\$aW1611-0868$c20161114$lBLL01$h1415
=CAT  \\$aW1711-1225$c20171203$lBLL01$h1053
=FIN  \\$aY$d20130814
=STA  \\$aSUPPRESSED$bunable to determine reason for suppression
=LAS  \\$aW1711-1225$b00$c20171203$lBLL01$h1053

