=LDR  01820 am a2200469 i 4500
=001  016462516
=003  Uk
=005  20130815074435.0
=006  m\\\\||\\d\|\\\\\\
=007  cr\|||||||||||
=008  130731s2013\\\\enka|||\ob\\\\0||\0|eng\\
=FMT  \\$a  BK
=015  \\$aGBB372760$2bnb
=020  \\$z9781907689529
=040  \\$aUk$beng$cUk$erda
=042  \\$aukblsr
=082  04$a363.738742$223
=100  1\$aMoore, Simon,$d1984-$eauthor.
=245  10$aIf the cap fits :$breform of European climate policy and the EU emissions trading system /$cSimon Moore, edited by Guy Newey.
=246  30$aReform of European climate policy and the EU emissions trading system
=264  \1$aLondon :$bPolicy Exchange,$c[2013]
=300  \\$a1 online resource (79 pages) :$billustrations (colour)
=336  \\$atext$2rdacontent
=337  \\$acomputer$2rdamedia
=338  \\$aonline resource$2rdacarrier
=504  \\$aIncludes bibliographical references.
=588  \\$aDescription based on online resource; title from PDF title page (viewed on August 15, 2013).
=650  \0$aEmissions trading$zEurope.
=650  \0$aClimatic changes$zEurope.
=700  1\$aNewey, Guy$c(Environmental researcher),$eeditor.
=856  40$uhttp://www.policyexchange.org.uk/images/publications/if%20the%20cap%20fits.pdf
=859  \\$aELD$bebook
=852  41$aBritish Library$bHMNTS$jELD Digital store
=CAT  \\$a10902$b40$c20130731$lBLL01$h0933
=CAT  \\$a11281$b40$c20130815$lBLL01$h0741
=CAT  \\$a11281$b40$c20130815$lBLL01$h0744
=CAT  \\$aWR14.047$c20140417$lBLL01$h1646
=CAT  \\$aW1611-0868$c20161114$lBLL01$h1415
=CAT  \\$aW1711-1225$c20171203$lBLL01$h1053
=FIN  \\$aY$d20130815
=STA  \\$aSUPPRESSED$bunable to determine reason for suppression
=LAS  \\$aW1711-1225$b00$c20171203$lBLL01$h1053

