=LDR  01833 am a2200481 i 4500
=001  016462541
=003  Uk
=005  20130815081844.0
=006  m\\\\||\\d\|\\\\\\
=007  cr\|||||||||||
=008  130731s2013\\\\stka|||\ob\\\\0||\0|eng\\
=FMT  \\$a  BK
=015  \\$aGBB372767$2bnb
=020  \\$z9781907266560$z9781907266560
=040  \\$aUk$beng$cUk$erda
=042  \\$aukblsr
=082  04$a639.8$223
=100  10$aTreasurer, J. W.$q(Jim W.),$eauthor.
=245  10$aUse Of wrasse In sea lice control :$bprepared for The Scottish Aquaculture Research Forum /$cby Dr Jim Treasurer, Viking Fish Farms, Ardtoe Marine Laboratory.
=264  \1$a[Pitlochry] :$bScottish Aquaculture Research Forum,$c2013.
=300  \\$a1 online resource (30 pages) :$billustrations (colour)
=336  \\$atext$2rdacontent
=337  \\$acomputer$2rdamedia
=338  \\$aonline resource$2rdacarrier
=500  \\$a"Sarf068."
=504  \\$aIncludes bibliographical references.
=588  \\$aDescription based on online resource; title from PDF title page (viewed on August 15, 2013).
=650  \0$aWrasses.
=650  \0$aSalmon fisheries.
=650  \0$aAquaculture.
=710  2\$aScottish Aquaculture Research Forum,$epublisher.
=856  40$uhttp://www.sarf.org.uk/cms-assets/documents/124859-172398.sarf068.pdf
=859  \\$aELD$bebook
=852  41$aBritish Library$bHMNTS$jELD Digital store
=CAT  \\$a10902$b40$c20130731$lBLL01$h1027
=CAT  \\$a11281$b40$c20130815$lBLL01$h0818
=CAT  \\$aWR14.047$c20140417$lBLL01$h1646
=CAT  \\$aW1611-0868$c20161114$lBLL01$h1415
=CAT  \\$aBATCH-UPD$b00$c20161114$lBLL01$h1418
=CAT  \\$aW1711-1225$c20171203$lBLL01$h1053
=FIN  \\$aY$d20130815
=STA  \\$aSUPPRESSED$bunable to determine reason for suppression
=LAS  \\$aW1711-1225$b00$c20171203$lBLL01$h1053

