=LDR  02027 am a2200529 i 4500
=001  016462549
=003  Uk
=005  20130902090341.0
=006  m\\\\||\\d\|\\\\\\
=007  cr\|||||||||||
=008  130731s2013\\\\stka|||\ob\\\\0||\0|eng\\
=FMT  \\$a  BK
=015  \\$aGBB372777$2bnb
=020  \\$z9781907266539
=040  \\$aUk$beng$cUk$erda
=042  \\$aukblsr
=082  04$a639.311$223
=100  10$aTreasurer, J. W.$q(Jim W.),$eauthor.
=245  10$aSpecies specific requirements Of marine finfish :$b("failed cod syndrome") /$cDr James Treasurer, Dr Tim Atack, Mr Jamie Walton and Dr Ralph Bickerdike.
=264  \1$a[Pitlochry] :$bScottish Aquaculture Research Forum,$c2013.
=300  \\$a1 online resource (40 pages) :$billustrations (black and white, and colour)
=336  \\$atext$2rdacontent
=337  \\$acomputer$2rdamedia
=338  \\$aonline resource$2rdacarrier
=500  \\$a"Sarf043."
=504  \\$aIncludes bibliographical references.
=588  \\$aDescription based on online resource; title from PDF title page (viewed on August 15, 2013).
=650  \0$aCodfish.
=650  \0$aCod fisheries.
=700  1\$aAtack, Tim.
=700  1\$aWalton, Jamie$c(Product developer),$eauthor.
=700  1\$aBickerdike, Ralph,$eauthor.
=710  2\$aViking Fish Farms Ltd.
=710  2\$aScottish Aquaculture Research Forum,$epublisher.
=856  40$uhttp://www.sarf.org.uk/cms-assets/documents/124760-216933.sarf043.pdf
=859  \\$aELD$bebook
=852  41$aBritish Library$bHMNTS$jELD Digital store
=CAT  \\$a10902$b40$c20130731$lBLL01$h1038
=CAT  \\$a11281$b40$c20130815$lBLL01$h0931
=CAT  \\$a7332$b40$c20130902$lBLL01$h0903
=CAT  \\$aWR14.047$c20140417$lBLL01$h1646
=CAT  \\$aW1611-0868$c20161114$lBLL01$h1415
=CAT  \\$aBATCH-UPD$b00$c20161114$lBLL01$h1418
=CAT  \\$aW1711-1225$c20171203$lBLL01$h1053
=FIN  \\$aY$d20130815
=STA  \\$aSUPPRESSED$bunable to determine reason for suppression
=LAS  \\$aW1711-1225$b00$c20171203$lBLL01$h1053

