=LDR  01792 am a2200481 i 4500
=001  016462604
=003  Uk
=005  20130815094844.0
=006  m\\\\||\\d\|\\\\\\
=007  cr\|||||||||||
=008  130731s2013\\\\enk||||\ob\\\\0||\0|eng\\
=FMT  \\$a  BK
=015  \\$aGBB372780$2bnb
=020  \\$z9781859359846
=040  \\$aUk$beng$cUk$erda
=042  \\$aukblsr
=082  04$a363.50941$223
=100  10$aWhitfield, Grahame,$eauthor.
=245  10$aPoverty and problematic debt :$bwhat can social housing providers do? /$cauthor, Grahame Whitfield.
=264  \1$aYork :$bJoseph Rowntree Foundation,$c[2013]
=300  \\$a1 online resource (11 pages)
=336  \\$atext$2rdacontent
=337  \\$acomputer$2rdamedia
=338  \\$aonline resource$2rdacarrier
=504  \\$aIncludes bibliographical references.
=588  \\$aDescription based on online resource; title from PDF caption (viewed on August 15, 2013).
=650  \0$aLow-income tenants$zGreat Britain.
=650  \0$aLow-income housing$zGreat Britain$xEconomic aspects.
=650  \0$aRent$zGreat Britain.
=650  \0$aPoverty$zGreat Britain.
=710  2\$aJoseph Rowntree Foundation,$epublisher.
=856  40$uhttp://www.jrf.org.uk/sites/files/jrf/social-housing-tenants-debt-summary.pdf
=859  \\$aELD$bebook
=852  41$aBritish Library$bHMNTS$jELD Digital store
=CAT  \\$a10902$b40$c20130731$lBLL01$h1053
=CAT  \\$a11281$b40$c20130815$lBLL01$h0948
=CAT  \\$aWR14.047$c20140417$lBLL01$h1646
=CAT  \\$aW1611-0868$c20161114$lBLL01$h1415
=CAT  \\$aBATCH-UPD$b00$c20161114$lBLL01$h1418
=CAT  \\$aW1711-1225$c20171203$lBLL01$h1053
=FIN  \\$aY$d20130815
=STA  \\$aSUPPRESSED$bunable to determine reason for suppression
=LAS  \\$aW1711-1225$b00$c20171203$lBLL01$h1053

