=LDR  01600 am a2200409 i 4500
=001  016462646
=003  Uk
=005  20130815104651.0
=006  m\\\\||\\d\|\\\\\\
=007  cr\|||||||||||
=008  130731s2013\\\\enka|||\o\\\\\0||\0|eng\\
=FMT  \\$a  BK
=015  \\$aGBB372786$2bnb
=040  \\$aUk$beng$cUk$erda
=042  \\$aukblsr
=082  04$a352.140941$223
=100  1\$aLucas, Lauren,$eauthor.
=245  14$aTHE LGO AND THE FUTURE DIRECTION OF LOCAL ACCOUNTABILITY :$bAn LGiU Inquiry /$creport author, Lauren Lucas, LGiU Policy Manager.
=264  \1$aLondon :$bLGiU,$c[2013]
=300  \\$a1 online resource (16 pages) :$billustrations (colour)
=336  \\$atext$2rdacontent
=337  \\$acomputer$2rdamedia
=338  \\$aonline resource$2rdacarrier
=588  \\$aDescription based on online resource; title from PDF cover page (viewed on August 15, 2013).
=650  \0$aLocal government$zGreat Britain.
=710  2\$aLocal Government Information Unit (London, England),$epublisher.
=856  40$uhttp://www.lgiu.org.uk/wp-content/uploads/2013/06/The-LGO-and-the-future-direction-of-local-accountability.pdf
=859  \\$aELD$bebook
=852  41$aBritish Library$bHMNTS$jELD Digital store
=CAT  \\$a10902$b40$c20130731$lBLL01$h1105
=CAT  \\$a11281$b40$c20130815$lBLL01$h1046
=CAT  \\$aWR14.047$c20140417$lBLL01$h1646
=CAT  \\$aW1611-0868$c20161114$lBLL01$h1415
=CAT  \\$aW1711-1225$c20171203$lBLL01$h1053
=FIN  \\$aY$d20130815
=STA  \\$aSUPPRESSED$bunable to determine reason for suppression
=LAS  \\$aW1711-1225$b00$c20171203$lBLL01$h1053

