=LDR  01524 am a2200421 i 4500
=001  016462654
=003  Uk
=005  20130815153749.0
=006  m\\\\||\\d\|\\\\\\
=007  cr\|||||||||||
=008  130731s2013\\\\enk||||\ob\\\o0||\0|eng\\
=FMT  \\$a  BK
=015  \\$aGBB372797$2bnb
=020  \\$z9781781535523
=040  \\$aUk$beng$cUk$erda
=042  \\$aukblsr
=082  04$a354.90941$223
=110  1\$aGreat Britain.$bDepartment for Work and Pensions,$eauthor.
=245  10$aAbout the Department for Work and Pensions :$bOur service standards.
=264  \1$a[London] :$bDepartment for Work and Pensions,$c[2013]
=300  \\$a1 online resource (19 pages)
=336  \\$atext$2rdacontent
=337  \\$acomputer$2rdamedia
=338  \\$aonline resource$2rdacarrier
=504  \\$aIncludes bibliographical references.
=588  \\$aDescription based on online resource; title from PDF cover page (viewed on August 15, 2013).
=610  10$aGreat Britain.$bDepartment for Work and Pensions.
=856  40$uhttp://www.dwp.gov.uk/docs/dwp032.pdf
=859  \\$aELD$bebook
=852  41$aBritish Library$bHMNTS$jELD Digital store
=CAT  \\$a10902$b40$c20130731$lBLL01$h1115
=CAT  \\$a11281$b40$c20130815$lBLL01$h1537
=CAT  \\$aWR14.047$c20140417$lBLL01$h1646
=CAT  \\$aW1611-0868$c20161114$lBLL01$h1415
=CAT  \\$aW1711-1225$c20171203$lBLL01$h1053
=FIN  \\$aY$d20130815
=STA  \\$aSUPPRESSED$bunable to determine reason for suppression
=LAS  \\$aW1711-1225$b00$c20171203$lBLL01$h1053

