=LDR  02016 am a2200505 i 4500
=001  016462681
=003  Uk
=005  20130815141038.0
=006  m\\\\||\\d\|\\\\\\
=007  cr\|||||||||||
=008  130731s2013\\\\enka|||\ob\\\\0||\0|eng\\
=FMT  \\$a  BK
=015  \\$aGBB372821$2bnb
=020  \\$z9780904956887
=040  \\$aUk$beng$cUk$erda
=042  \\$aukblsr
=082  04$a362.829484$223
=100  1\$aBryson, Caroline,$d1968-$eauthor.
=245  10$aKids aren't free :$bThe child maintenance arrangements of single parents on benefit in 2012 /$cCaroline Bryson [and five others].
=246  30$aChild maintenance arrangements of single parents on benefit in 2012
=264  \1$aLondon :$bNuffield Foundation,$c[2013]
=300  \\$a1 online resource (15 pages) :$billustrations (colour).
=336  \\$atext$2rdacontent
=337  \\$acomputer$2rdamedia
=338  \\$aonline resource$2rdacarrier
=490  1\$aBriefing paper
=504  \\$aIncludes bibliographical references.
=588  \\$aDescription based on online resource; title from PDF cover page (viewed on August 15, 2013).
=650  \0$aSingle parents$zGreat Britain.
=650  \0$aSingle parents$xServices for$zGreat Britain.
=650  \0$aSocial security beneficiaries$zGreat Britain.
=650  \0$aSingle parents$xGovernment policy$zGreat Britain.
=710  2\$aNuffield Foundation,$epublisher.
=830  \0$aBriefing paper (Nuffield Foundation)
=856  40$uhttp://www.natcen.ac.uk/media/1111479/nuffield_foundation_briefing_paper_kidsarentfree2.pdf
=859  \\$aELD$bebook
=852  41$aBritish Library$bHMNTS$jELD Digital store
=CAT  \\$a10902$b40$c20130731$lBLL01$h1202
=CAT  \\$a11281$b40$c20130815$lBLL01$h1410
=CAT  \\$aWR14.047$c20140417$lBLL01$h1646
=CAT  \\$aW1611-0868$c20161114$lBLL01$h1415
=CAT  \\$aW1711-1225$c20171203$lBLL01$h1053
=FIN  \\$aY$d20130815
=STA  \\$aSUPPRESSED$bunable to determine reason for suppression
=LAS  \\$aW1711-1225$b00$c20171203$lBLL01$h1053

