=LDR  01755 am a2200445 i 4500
=001  016462684
=003  Uk
=005  20130819113348.0
=006  m\\\\||\\d\|\\\\\\
=007  cr\|||||||||||
=008  130731s2013\\\\stka|||\ob\\\o0||\0|eng\\
=FMT  \\$a  BK
=015  \\$aGBB372923$2bnb
=020  \\$z9781844855643
=040  \\$aUk$beng$cUk$erda
=042  \\$aukblsr
=082  04$a614.42411$223
=100  1\$aRutherford, Lisa,$eauthor.
=245  10$aKnowledge, attitudes and motivations to health, 2008-11 :$bA module of the Scottish health survey /$cprincipal authors, Lisa Rutherford, Susan Reid; ScotCen Social Research [with seven others].
=264  \1$aEdinburgh :$bNHS Health Scotland,$c[2013]
=300  \\$a1 online resource (228 pages) :$billustrations (black and white, and colour)
=336  \\$atext$2rdacontent
=337  \\$acomputer$2rdamedia
=338  \\$aonline resource$2rdacarrier
=504  \\$aIncludes bibliographical references.
=588  \\$aDescription based on online resource; title from PDF cover page (viewed on August 19, 2013).
=650  \0$aHealth surveys$zScotland.
=700  1\$aReid, Susan,$d1969-$eauthor.
=710  2\$aNational Health Service in Scotland,$epublisher.
=856  40$uhttp://www.natcen.ac.uk/media/1101684/kamtohealth.pdf
=859  \\$aELD$bebook
=852  41$aBritish Library$bHMNTS$jELD Digital store
=CAT  \\$a10902$b40$c20130731$lBLL01$h1206
=CAT  \\$a11281$b40$c20130819$lBLL01$h1133
=CAT  \\$aWR14.047$c20140417$lBLL01$h1646
=CAT  \\$aW1611-0868$c20161114$lBLL01$h1415
=CAT  \\$aW1711-1225$c20171203$lBLL01$h1053
=FIN  \\$aY$d20130819
=STA  \\$aSUPPRESSED$bunable to determine reason for suppression
=LAS  \\$aW1711-1225$b00$c20171203$lBLL01$h1053

