=LDR  01688 am a2200457 i 4500
=001  016462723
=003  Uk
=005  20130819121805.0
=006  m\\\\||\\d\|\\\\\\
=007  cr\|||||||||||
=008  130731s2013\\\\enk||||\ob\\\\0||\0|eng\\
=FMT  \\$a  BK
=015  \\$aGBB372934$2bnb
=020  \\$z9781906996024
=040  \\$aUk$beng$cUk$erda
=042  \\$aukblsr
=082  04$a307.120941$223
=100  10$aBoyfield, Keith,$eauthor.
=245  10$aSimplified planning :$bThe case for sunset clauses /$cKeith Boyfield and Inna Ali.
=264  \1$a[London] :$bCentre for Policy Studies,$c[May 2013]
=300  \\$a1 online resource (iv, 48 pages)
=336  \\$atext$2rdacontent
=337  \\$acomputer$2rdamedia
=338  \\$aonline resource$2rdacarrier
=504  \\$aIncludes bibliographical references.
=588  \\$aDescription based on online resource; title from PDF cover page (viewed on August 19, 2013).
=650  \0$aPlanning$xGovernment policy$zGreat Britain.
=700  1\$aAli, Inna,$eauthor.
=710  2\$aCentre for Policy Studies,$epublisher.
=856  40$uhttp://www.cps.org.uk/files/reports/original/130430150903-simplifiedplanning.pdf
=859  \\$aELD$bebook
=852  41$aBritish Library$bHMNTS$jELD Digital store
=CAT  \\$a10902$b40$c20130731$lBLL01$h1310
=CAT  \\$a11281$b40$c20130819$lBLL01$h1218
=CAT  \\$aWR14.047$c20140417$lBLL01$h1646
=CAT  \\$aBATCH-UPD$b00$c20141219$lBLL01$h0602
=CAT  \\$aW1611-0868$c20161114$lBLL01$h1415
=CAT  \\$aW1711-1225$c20171203$lBLL01$h1053
=FIN  \\$aY$d20130819
=STA  \\$aSUPPRESSED$bunable to determine reason for suppression
=LAS  \\$aW1711-1225$b00$c20171203$lBLL01$h1053

