=LDR  01932 am a2200481 i 4500
=001  016462733
=003  Uk
=005  20130830130931.0
=006  m\\\\||\\d\|\\\\\\
=007  cr\|||||||||||
=008  130731s2013\\\\stka|||\ob\\\o0||\0|eng\\
=FMT  \\$a  BK
=015  \\$aGBB372939$2bnb
=040  \\$aUk$beng$cUk$erda
=042  \\$aukblsr
=082  04$a362.196132$223
=100  1\$aMilne, Anne$c(Food standards officer),$eauthor.
=245  10$aMonitoring progress in Scotland against the Food Standards Agency salt targets using market research data /$cauthors, Anne Milne, Calum Yule, Cathy Capelin.
=264  \1$a[Edinburgh] :$bFood Standards Agency,$cApril 2013.
=300  \\$a1 online resource (16 pages)$b1 illustration ( black and white)
=336  \\$atext$2rdacontent
=337  \\$acomputer$2rdamedia
=338  \\$aonline resource$2rdacarrier
=504  \\$aIncludes bibliographical references.
=500  \\$a"FS306002."
=588  \\$aDescription based on online resource; title from PDF cover page (viewed on August 19, 2013).
=650  \0$aSalt in the body$zScotland.
=650  \0$aHypertension$xPrevention$zScotland.
=700  1\$aYule, Calum,$eauthor.
=700  1\$aCapelin, Cathy,$eauthor.
=710  2\$aFood Standards Agency Scotland,$epublisher.
=856  40$uhttp://www.foodbase.org.uk//admintools/reportdocuments/808-1-1480_salt_paper2542013finalversion_sent_for_publication.pdf
=859  \\$aELD$bebook
=852  41$aBritish Library$bHMNTS$jELD Digital store
=CAT  \\$a10902$b40$c20130731$lBLL01$h1328
=CAT  \\$a11281$b40$c20130819$lBLL01$h1408
=CAT  \\$a7332$b40$c20130830$lBLL01$h1309
=CAT  \\$aWR14.047$c20140417$lBLL01$h1646
=CAT  \\$aW1611-0868$c20161114$lBLL01$h1415
=CAT  \\$aW1711-1225$c20171203$lBLL01$h1053
=FIN  \\$aY$d20130819
=STA  \\$aSUPPRESSED$bunable to determine reason for suppression
=LAS  \\$aW1711-1225$b00$c20171203$lBLL01$h1053

