=LDR  01731 am a2200457 i 4500
=001  016462740
=003  Uk
=005  20130819142735.0
=006  m\\\\||\\d\|\\\\\\
=007  cr\|||||||||||
=008  130731s2013\\\\enk||||\ob\\\o0||\0|eng\\
=FMT  \\$a  BK
=015  \\$aGBB372946$2bnb
=040  \\$aUk$beng$cUk$erda
=042  \\$aukblsr
=082  04$a664.92$223
=110  2\$aGfK NOP,$eauthor.
=245  12$aA QUANTITATIVE ASSESSMENT OF CONSUMERS‟ ATTITUDES TOWARDS RAW MEAT DECONTAMINATION TREATMENTS.
=264  \1$a[London] :$b[Food Standards Agency],$cApril 2013.
=300  \\$a1 online resource (150 pages)
=336  \\$atext$2rdacontent
=337  \\$acomputer$2rdamedia
=338  \\$aonline resource$2rdacarrier
=500  \\$a"FS241052."
=504  \\$aIncludes bibliographical references.
=588  \\$aDescription based on online resource; title from PDF cover page (viewed on August 2013).
=650  \0$aMeat industry and trade$zGreat Britain.
=650  \0$aFood contamination$zGreat Britain.
=650  \0$aConsumers$zGreat Britain$xAttitudes.
=710  1\$aGreat Britain.$bFood Standards Agency,$epublisher.
=856  40$uhttp://www.foodbase.org.uk//admintools/reportdocuments/809-1-1481_Campylobacter_report_publication_draft.pdf
=859  \\$aELD$bebook
=852  41$aBritish Library$bHMNTS$jELD Digital store
=CAT  \\$a10902$b40$c20130731$lBLL01$h1338
=CAT  \\$a11281$b40$c20130819$lBLL01$h1427
=CAT  \\$aWR14.047$c20140417$lBLL01$h1646
=CAT  \\$aW1611-0868$c20161114$lBLL01$h1415
=CAT  \\$aW1711-1225$c20171203$lBLL01$h1053
=FIN  \\$aY$d20130819
=STA  \\$aSUPPRESSED$bunable to determine reason for suppression
=LAS  \\$aW1711-1225$b00$c20171203$lBLL01$h1053

