=LDR  01961 am a2200457 i 4500
=001  016462801
=003  Uk
=005  20131028090319.0
=006  m\\\\||\\d\|\\\\\\
=007  cr\|||||||||||
=008  130731s2013\\\\enk||||\ob\\\o0||\0|eng\\
=FMT  \\$a  BK
=015  \\$aGBB373212$2bnb
=040  \\$aUk$beng$cUk$dUk$erda
=042  \\$aukblsr
=082  04$a362.70941$223
=245  00$aInspection of services for children in need of help and protection, children looked after and care leavers :$bConsultation document.
=264  \1$aManchester :$bOfsted,$cJune 2013.
=300  \\$a1 online resource (34 pages)
=336  \\$atext$2rdacontent
=337  \\$acomputer$2rdamedia
=338  \\$aonline resource$2rdacarrier
=504  \\$aIncludes bibliographical references.
=588  \\$aDescription based on online resource; title from PDF cover page caption (viewed on August 20, 2013).
=650  \0$aChildren$xServices for$zGreat Britain.
=650  \0$aSocial work with children$zGreat Britain.
=690  7\$aSocial Welfare$2blcoll
=710  1\$aGreat Britain.$bOffice for Standards in Education, Children's Services and Skills (England),$epublisher.
=856  40$uhttp://www.ofsted.gov.uk/sites/default/files/documents/consultations/i/Inspection%20of%20services%20for%20children%20in%20need%20of%20help%20and%20protection%2C%20children%20looked%20after%20and%20care%20leavers.pdf
=859  \\$aELD$bebook
=852  41$aBritish Library$bHMNTS$jELD Digital store
=CAT  \\$a10902$b40$c20130731$lBLL01$h1444
=CAT  \\$a11281$b40$c20130820$lBLL01$h1049
=CAT  \\$a7332$b40$c20131028$lBLL01$h0903
=CAT  \\$aWR14.047$c20140417$lBLL01$h1646
=CAT  \\$aBATCH-UPD$b00$c20161001$lBLL01$h1724
=CAT  \\$aW1611-0868$c20161114$lBLL01$h1415
=CAT  \\$aW1711-1225$c20171203$lBLL01$h1053
=FIN  \\$aY$d20130820
=STA  \\$aSUPPRESSED$bunable to determine reason for suppression
=LAS  \\$aW1711-1225$b00$c20171203$lBLL01$h1053

