=LDR  01859 am a2200457 i 4500
=001  016462805
=003  Uk
=005  20131028090344.0
=006  m\\\\||\\d\|\\\\\\
=007  cr\|||||||||||
=008  130731s2013\\\\enka|||\ob\\\o0||\0|eng\\
=FMT  \\$a  BK
=015  \\$aGBB373219$2bnb
=040  \\$aUk$beng$cUk$dUk$erda
=042  \\$aukblsr
=082  04$a371.95730941$223
=245  04$aThe most able students :$bAre they doing as well as they should in our non-selective secondary schools?
=264  \1$aManchester :$bOfsted,$cJune 2013.
=300  \\$a1 online resource (35 pages) ;$billustrations (colour)
=336  \\$atext$2rdacontent
=337  \\$acomputer$2rdamedia
=338  \\$aonline resource$2rdacarrier
=500  \\$a"Reference no: 130118."
=504  \\$aIncludes bibliographical references.
=588  \\$aDescription based on online resource; title from PDF cover page caption (viewed on August 20, 2013).
=650  \0$aGifted children$xEducation (Secondary)$zGreat Britain.
=690  7\$aSocial Welfare$2blcoll
=710  1\$aGreat Britain.$bOffice for Standards in Education, Children's Services and Skills (England),$epublisher.
=856  40$uhttp://www.ofsted.gov.uk/sites/default/files/documents/surveys-and-good-practice/t/The%20most%20able%20students.pdf
=859  \\$aELD$bebook
=852  41$aBritish Library$bHMNTS$jELD Digital store
=CAT  \\$a10902$b40$c20130731$lBLL01$h1449
=CAT  \\$a11281$b40$c20130820$lBLL01$h1101
=CAT  \\$a7332$b40$c20131028$lBLL01$h0903
=CAT  \\$aWR14.047$c20140417$lBLL01$h1646
=CAT  \\$aBATCH-UPD$b00$c20161001$lBLL01$h1724
=CAT  \\$aW1611-0868$c20161114$lBLL01$h1415
=CAT  \\$aW1711-1225$c20171203$lBLL01$h1053
=FIN  \\$aY$d20130820
=STA  \\$aSUPPRESSED$bunable to determine reason for suppression
=LAS  \\$aW1711-1225$b00$c20171203$lBLL01$h1053

