=LDR  01608 am a2200433 i 4500
=001  016462822
=003  Uk
=005  20130820114947.0
=006  m\\\\||\\d\|\\\\\\
=007  cr\|||||||||||
=008  130731s2013\\\\enka|||\ob\\\\0||\0|eng\\
=FMT  \\$a  BK
=015  \\$aGBB373240$2bnb
=020  \\$z9780957358737
=040  \\$aUk$beng$cUk$erda
=042  \\$aukblsr
=082  04$a306.850941$223
=110  2\$aCentre for Social Justice (Great Britain),$eauthor.
=245  10$aFRACTURED FAMILIES :$bWhy stability matters.
=264  \1$aLondon :$bCentre for Social Justice,$cJune 2013.
=300  \\$a1 online resource (112 pages) :$billustrations (colour)
=336  \\$atext$2rdacontent
=337  \\$acomputer$2rdamedia
=338  \\$aonline resource$2rdacarrier
=504  \\$aIncludes bibliographical references.
=588  \\$aDescription based on online resource; title from PDF cover page (viewed on August 20, 2013).
=650  \0$aFamily$zGreat Britain.
=690  7\$aSocial Welfare$2blcoll
=856  40$uhttp://www.centreforsocialjustice.org.uk/UserStorage/pdf/Pdf%20reports/CSJ_Fractured_Families_Report_WEB_13.06.13.pdf
=859  \\$aELD$bebook
=852  41$aBritish Library$bHMNTS$jELD Digital store
=CAT  \\$a10902$b40$c20130731$lBLL01$h1528
=CAT  \\$a11281$b40$c20130820$lBLL01$h1149
=CAT  \\$aWR14.047$c20140417$lBLL01$h1646
=CAT  \\$aW1611-0868$c20161114$lBLL01$h1415
=CAT  \\$aW1711-1225$c20171203$lBLL01$h1053
=FIN  \\$aY$d20130820
=STA  \\$aSUPPRESSED$bunable to determine reason for suppression
=LAS  \\$aW1711-1225$b00$c20171203$lBLL01$h1053

