=LDR  01907 am a2200481 i 4500
=001  016462831
=003  Uk
=005  20130820122807.0
=006  m\\\\||\\d\|\\\\\\
=007  cr\|||||||||||
=008  130731s2013\\\\enk||||\o\\\\\0||\0|eng\\
=FMT  \\$a  BK
=015  \\$aGBB373252$2bnb
=040  \\$aUk$beng$cUk$erda
=042  \\$aukblsr
=082  04$a362.50941$223
=100  1\$aClery, Elizabeth,$eauthor.
=245  10$aPublic attitudes to poverty and welfare, 1983-2011 :$bAnalysis using British Social Attitudes data /$cAuthors: Elizabeth Clery, Lucy Lee and Sarah Kunz.
=264  \1$a[London] :$bNatCen Social Research,$cApril 2013.
=300  \\$a1 online resource (48 pages) :$billustrations (colour)
=336  \\$atext$2rdacontent
=337  \\$acomputer$2rdamedia
=338  \\$aonline resource$2rdacarrier
=500  \\$a"Prepared for: Joseph Rowntree Foundation."
=588  \\$aDescription based on online resource; title from PDF cover page (viewed on August 20, 2013).
=650  \0$aPoverty$zGreat Britain$xPublic opinion.
=650  \0$aPublic welfare$zGreat Britain$xPublic opinion.
=690  7\$aSocial Welfare$2blcoll
=700  1\$aLee, Lucy$c(Researcher),$eauthor.
=700  1\$aKunz, Sarah,$eauthor.
=710  2\$aNational Centre for Social Research (Great Britain),$epublisher.
=710  2\$aJoseph Rowntree Foundation.
=856  40$uhttp://www.natcen.ac.uk/media/1106142/poverty%20and%20welfare.pdf
=859  \\$aELD$bebook
=852  41$aBritish Library$bHMNTS$jELD Digital store
=CAT  \\$a10902$b40$c20130731$lBLL01$h1557
=CAT  \\$a11281$b40$c20130820$lBLL01$h1228
=CAT  \\$aWR14.047$c20140417$lBLL01$h1646
=CAT  \\$aW1611-0868$c20161114$lBLL01$h1415
=CAT  \\$aW1711-1225$c20171203$lBLL01$h1053
=FIN  \\$aY$d20130820
=STA  \\$aSUPPRESSED$bunable to determine reason for suppression
=LAS  \\$aW1711-1225$b00$c20171203$lBLL01$h1053

