=LDR  02060cam a2200481 i 4500
=001  016464837
=003  Uk
=005  20230413142335.0
=006  m\\\\||\\d\|\\\\\\
=007  cr\|||||||||||
=008  130802s2013\\\\enka|||\ob\\\o0||\0|eng\\
=FMT  \\$a  BK
=015  \\$aGBB373266$2bnb
=040  \\$aUk$beng$cUk$erda
=042  \\$aukblsr
=082  04$a362.70941$223
=245  02$aA Child Rights Impact Assessment of Budget Decisions :$bincluding the 2013 Budget, and the cumulative impact of tax-benefit reforms and reductions in spending on public services 2010 - 2015.
=264  \1$aLondon :$bOffice of the Children's Commissioner,$cJune 2013.
=300  \\$a1 online resource (65 pages) :$billustrations (colour)
=336  \\$atext$2rdacontent
=337  \\$acomputer$2rdamedia
=338  \\$aonline resource$2rdacarrier
=504  \\$aIncludes bibliographical references.
=588  \\$aDescription based on online resource; title from PDF cover page (viewed on August 20, 2013).
=650  \0$aChildren$zGreat Britain.
=650  \0$aChild welfare$zGreat Britain.
=650  \0$aChildren$xServices for$zGreat Britain.
=690  7\$aSocial Welfare$2blcoll
=710  1\$aGreat Britain.$bOffice of the Children's Commissioner (2010- ),$eissuing body.
=856  40$uhttp://www.childrenscommissioner.gov.uk/force_download.php?fp=%2Fclient_assets%2Fcp%2Fpublication%2F676%2FA_Child_Rights_Impact_Assessment_of_Budget_Decisions.pdf
=859  \\$aELD$bebook
=852  41$aBritish Library$bHMNTS$jELD Digital store
=CAT  \\$a10902$b40$c20130802$lBLL01$h0845
=CAT  \\$a10902$b40$c20130802$lBLL01$h0849
=CAT  \\$a11281$b40$c20130820$lBLL01$h1402
=CAT  \\$aWR14.047$c20140417$lBLL01$h1646
=CAT  \\$aW1611-0868$c20161114$lBLL01$h1415
=CAT  \\$aW1711-1225$c20171203$lBLL01$h1053
=CAT  \\$a8871$b40$c20230413$lBLL01$h1423
=CAT  \\$aBATCH-UPD$b40$c20230413$lBLL01$h1607
=FIN  \\$aY$d20130820
=STA  \\$aSUPPRESSED$bunable to determine reason for suppression
=LAS  \\$aBATCH-UPD$b40$c20230413$lBLL01$h1607

