=LDR  02333cam a2200553 i 4500
=001  016464858
=003  Uk
=005  20230413142206.0
=006  m\\\\||\\d\|\\\\\\
=007  cr\|||||||||||
=008  130802s2013\\\\enka|||\ob\\\o0||\0|eng\\
=FMT  \\$a  BK
=015  \\$aGBB373270$2bnb
=040  \\$aUk$beng$cUk$erda
=042  \\$aukblsr
=082  04$a362.70941$223
=100  1\$aReed, Howard,$d1972-
=245  13$aAn Adequate Standard of Living :$bA Child Rights Based Quantitative Analysis of Budgetary Decisions 2010-13 : final report /$cauthors: Howard Reed, Diane Elson, Sue Himmelweit.
=264  \1$aLondon :$bOffice of the Children's Commissioner,$cJune 2013.
=300  \\$a1 online resource (155 pages) :$billustrations (colour)
=336  \\$atext$2rdacontent
=337  \\$acomputer$2rdamedia
=338  \\$aonline resource$2rdacarrier
=504  \\$aIncludes bibliographical references.
=588  \\$aDescription based on online resource; title from PDF cover page (viewed on August 20, 2013).
=650  \0$aChildren$zGreat Britain$xEconomic conditions.
=650  \0$aChild welfare$zGreat Britain.
=690  7\$aSocial Welfare$2blcoll
=700  1\$aElson, Diane,$eauthor.
=700  1\$aHimmelweit, Susan.
=710  1\$aGreat Britain.$bOffice of the Children's Commissioner (2010- ),$eissuing body.
=710  2\$aLandman Economics.
=856  40$uhttp://socialwelfare.bl.uk/subject-areas/services-client-groups/children-young-people/childrenscommissioner/151182An_adequate_standard_of_living-_CRIA_supporting_report[1].pdf
=859  \\$aELD$bebook
=852  41$aBritish Library$bHMNTS$jELD Digital store
=CAT  \\$a10902$b40$c20130802$lBLL01$h0900
=CAT  \\$a11281$b40$c20130820$lBLL01$h1422
=CAT  \\$aWR14.047$c20140417$lBLL01$h1646
=CAT  \\$aBATCH-UPD$b00$c20150501$lBLL01$h2044
=CAT  \\$aW1611-0868$c20161114$lBLL01$h1415
=CAT  \\$aBATCH-UPD$b00$c20161219$lBLL01$h1018
=CAT  \\$aBATCH-UPD$b00$c20161222$lBLL01$h2038
=CAT  \\$aBATCH-UPD$b00$c20170127$lBLL01$h1630
=CAT  \\$aW1711-1225$c20171203$lBLL01$h1053
=CAT  \\$a8871$b40$c20230413$lBLL01$h1422
=CAT  \\$aBATCH-UPD$b40$c20230413$lBLL01$h1607
=FIN  \\$aY$d20130820
=STA  \\$aSUPPRESSED$bunable to determine reason for suppression
=LAS  \\$aBATCH-UPD$b40$c20230413$lBLL01$h1607

