=LDR  02077cam a2200481 i 4500
=001  016464868
=003  Uk
=005  20230413142415.0
=006  m\\\\||\\d\|\\\\\\
=007  cr\|||||||||||
=008  130802s2013\\\\enka|||\ob\\\o0||\0|eng\\
=FMT  \\$a  BK
=015  \\$aGBB373272$2bnb
=040  \\$aUk$beng$cUk$erda
=042  \\$aukblsr
=082  04$a362.70941$223
=110  1\$aGreat Britain.$bOffice of the Children's Commissioner (2010- )$eauthor.
=245  10$aPARTICIPATION STRATEGY :$bEnsuring the voice of children and young people in the work of the Office of the Children's Commissioner : May 2013 - April 2014.
=264  \1$a[London] :$bOffice of the Children's Commissioner,$c[2013]
=300  \\$a1 online resource (14 pages) :$billustrations (colour)
=336  \\$atext$2rdacontent
=337  \\$acomputer$2rdamedia
=338  \\$aonline resource$2rdacarrier
=504  \\$aIncludes bibliographical references.
=588  \\$aDescription based on online resource; title from PDF cover page (viewed on August 20, 2013).
=610  10$aGreat Britain.$bOffice of the Children's Commissioner (2010- )
=650  \0$aChildren$zGreat Britain.
=650  \0$aChild welfare$zGreat Britain.
=650  \0$aChildren$xServices for$zGreat Britain.
=690  7\$aSocial Welfare$2blcoll
=856  40$uhttp://socialwelfare.bl.uk/subject-areas/services-client-groups/children-young-people/childrenscommissioner/151191FINAL_PARTICIPATION_STRATEGY_Children_and_Young_People_s_Voice__2013-2014.pdf
=859  \\$aELD$bebook
=852  41$aBritish Library$bHMNTS$jELD Digital store
=CAT  \\$a10902$b40$c20130802$lBLL01$h0906
=CAT  \\$a11281$b40$c20130820$lBLL01$h1436
=CAT  \\$aWR14.047$c20140417$lBLL01$h1646
=CAT  \\$aW1611-0868$c20161114$lBLL01$h1415
=CAT  \\$aW1711-1225$c20171203$lBLL01$h1053
=CAT  \\$a8871$b40$c20230413$lBLL01$h1424
=CAT  \\$aBATCH-UPD$b40$c20230413$lBLL01$h1607
=FIN  \\$aY$d20130820
=STA  \\$aSUPPRESSED$bunable to determine reason for suppression
=LAS  \\$aBATCH-UPD$b40$c20230413$lBLL01$h1607

