=LDR  02182 am a2200529 i 4500
=001  016464913
=003  Uk
=005  20130828161716.0
=006  m\\\\||\\d\|\\\\\\
=007  cr\|||||||||||
=008  130802s2013\\\\enk||||\ob\\\\0||\0|eng\\
=FMT  \\$a  BK
=015  \\$aGBB375094$2bnb
=020  \\$z9781899257874
=040  \\$aUk$beng$cUk$erda
=042  \\$aukblsr
=082  04$a362.580941$223
=100  1\$aSanders, Ben$c(Charity worker),$eauthor.
=245  10$aDashed hopes, lives on hold :$bSingle homeless people's experiences of the Work Programme /$cBen Sanders, Lígia Teixeira and Jenna Truder.
=264  \1$aLondon :$bCrisis,$cJune 2013.
=300  \\$a1 online resource (22 pages)
=336  \\$atext$2rdacontent
=337  \\$acomputer$2rdamedia
=338  \\$aonline resource$2rdacarrier
=504  \\$aIncludes bibliographical references.
=588  \\$aDescription based on online resource; title from PDF cover page (viewed on August 21, 2013).
=650  \0$aHomeless persons$zEmployment$xGreat Britain.
=650  \0$aHomeless persons$xServices for$zGreat Britain.
=650  \0$aUnemployed$xServices for$zGreat Britain.
=690  7\$aSocial Welfare$2blcoll
=700  1\$aTeixeira, Lígia,$eauthor.
=700  1\$aTruder, Jenna,$eauthor.
=710  2\$aCrisis (Organization),$eissuing body.
=856  40$uhttp://www.crisis.org.uk/data/files/publications/06_13_WorkProgramme_FullReport.pdf?utm_source=Adestra&utm_medium=email&utm_term=&utm_content=Work%20Programme%20PDF&utm_campaign=Confused%20and%20baffled%3A%20WP%20experiences
=859  \\$aELD$bebook
=852  41$aBritish Library$bHMNTS$jELD Digital store
=CAT  \\$a10902$b40$c20130802$lBLL01$h0928
=CAT  \\$a11281$b40$c20130821$lBLL01$h0743
=CAT  \\$a11281$b40$c20130821$lBLL01$h0919
=CAT  \\$a11281$b40$c20130821$lBLL01$h0921
=CAT  \\$a7332$b40$c20130828$lBLL01$h1617
=CAT  \\$aWR14.047$c20140417$lBLL01$h1646
=CAT  \\$aW1611-0868$c20161114$lBLL01$h1415
=CAT  \\$aW1711-1225$c20171203$lBLL01$h1053
=FIN  \\$aY$d20130821
=STA  \\$aSUPPRESSED$bunable to determine reason for suppression
=LAS  \\$aW1711-1225$b00$c20171203$lBLL01$h1053

