=LDR  02128 am a2200553 i 4500
=001  016464934
=003  Uk
=005  20130828133239.0
=006  m\\\\||\\d\|\\\\\\
=007  cr\|||||||||||
=008  130802s2013\\\\enka|||\ob\\\\0||\0|eng\\
=FMT  \\$a  BK
=015  \\$aGBB375102$2bnb
=040  \\$aUk$beng$cUk$erda
=042  \\$aukblsr
=082  04$a362.10941$223
=100  1\$aCawston, Thomas,$eauthor.
=245  10$aFlat-lining :$bLack of progress on NHS reform /$cThomas Cawston, Cathy Corrie, Clare Fraser and Tara Macpherson.
=246  30$aLack of progress on NHS reform
=264  \1$a[London] :$bReform,$cJune 2013.
=300  \\$a1 online resource (21 pages) :$b1 illustration (colour).
=336  \\$atext$2rdacontent
=337  \\$acomputer$2rdamedia
=338  \\$aonline resource$2rdacarrier
=490  0\$aReform Ideas ;$vno. 6
=504  \\$aIncludes bibliographical references.
=588  \\$aDescription based on online resource; title from PDF cover page caption (viewed on August 21, 2013).
=610  10$aGreat Britain.$bNational Health Service.
=650  \0$aHealth care reform$zGreat Britain.
=650  \0$aNational health services$zGreat Britain.
=650  \0$aHealth planning$zGreat Britain.
=690  7\$aSocial Welfare$2blcoll
=700  1\$aCorrie, Cathy,$eauthor.
=700  1\$aFraser, Clare,$eauthor.
=700  1\$aMacpherson, Tara$c(Public administration researcher),$eauthor.
=710  2\$aReform (Think tank: Great Britain),$epublisher.
=856  40$uhttp://reform.co.uk/resources/0000/0813/Flat_lining.pdf
=859  \\$aELD$bebook
=852  41$aBritish Library$bHMNTS$jELD Digital store
=CAT  \\$a10902$b40$c20130802$lBLL01$h0938
=CAT  \\$a11281$b40$c20130821$lBLL01$h0905
=CAT  \\$a11281$b40$c20130821$lBLL01$h0921
=CAT  \\$a7332$b40$c20130828$lBLL01$h1332
=CAT  \\$aWR14.047$c20140417$lBLL01$h1646
=CAT  \\$aW1611-0868$c20161114$lBLL01$h1415
=CAT  \\$aW1711-1225$c20171203$lBLL01$h1053
=FIN  \\$aY$d20130821
=STA  \\$aSUPPRESSED$bunable to determine reason for suppression
=LAS  \\$aW1711-1225$b00$c20171203$lBLL01$h1053

