=LDR  01746 am a2200409 i 4500
=001  016464941
=003  Uk
=005  20130925082849.0
=006  m\\\\||\\d\|\\\\\\
=007  cr\|||||||||||
=008  130802s2013\\\\enk\\\\\o\\\\|0|0\0|eng\\
=FMT  \\$a  BK
=015  \\$aGBB388467$2bnb
=020  \\$z9781409839125
=040  \\$aUk$beng$cUk$erda
=042  \\$aukblsr
=082  04$a331.25291363370941$223
=110  1\$aGreat Britain.$bDepartment for Communities and Local Government,$eauthor.
=245  10$aAmendments to the Firefighters' Pension Scheme (1992) and New Firefighters' Pension Scheme (2006) :$bsummary of responses to the consultation.
=264  \1$aLondon :$bDepartment for Communities and Local Government,$cJune 2013.
=300  \\$a1 online resource (26 pages)
=336  \\$atext$2rdacontent
=337  \\$acomputer$2rdamedia
=338  \\$aonline resource$2rdacarrier
=588  \\$aDescription based on online resource; title from PDF cover page (viewed on September 25, 2013).
=650  \0$aFire fighters$xPensions$zGreat Britain.
=856  40$uhttps://www.gov.uk/government/uploads/system/uploads/attachment_data/file/205716/Amendments_to_the_Firefighters__Pension_Scheme_1992_and_New_Firefighters__Pension_Scheme_2006_-_Summary_of_responses.pdf
=859  \\$aELD$bebook
=852  41$aBritish Library$bHMNTS$jELD Digital store
=CAT  \\$a11384$b40$c20130802$lBLL01$h0945
=CAT  \\$a8141$b40$c20130925$lBLL01$h0828
=CAT  \\$aWR14.047$c20140417$lBLL01$h1646
=CAT  \\$aW1611-0868$c20161114$lBLL01$h1415
=CAT  \\$aW1711-1225$c20171203$lBLL01$h1053
=FIN  \\$aY$d20130925
=STA  \\$aSUPPRESSED$bunable to determine reason for suppression
=LAS  \\$aW1711-1225$b00$c20171203$lBLL01$h1053

