=LDR  01614 am a2200433 i 4500
=001  016464976
=003  Uk
=005  20130821093536.0
=006  m\\\\||\\d\|\\\\\\
=007  cr\|||||||||||
=008  130802s2013\\\\enk||||\ob\\\\0||\0|eng\\
=FMT  \\$a  BK
=015  \\$aGBB375105$2bnb
=040  \\$aUk$beng$cUk$erda
=042  \\$aukblsr
=082  04$a373.250942$223
=110  2\$aSutton Trust (Organization),$eauthor.
=245  10$aSelective Comprehensives :$bThe social composition of top comprehensive schools.
=264  \1$a[London] :$bSutton Trust,$cJune 2013.
=300  \\$a1 online resource (9 pages)
=336  \\$atext$2rdacontent
=337  \\$acomputer$2rdamedia
=338  \\$aonline resource$2rdacarrier
=504  \\$aIncludes bibliographical references.
=588  \\$aDescription based on online resource; title from PDF cover page (viewed on August 21, 2013).
=650  \0$aComprehensive high schools$zEngland.
=650  \0$aEducational equalization$zEngland.
=690  7\$aSocial Welfare$2blcoll
=856  4\$uhttp://www.suttontrust.com/our-work/research/item/selective-comprehensives-the-social-composition-of-top/
=859  \\$aELD$bebook
=852  41$aBritish Library$bHMNTS$jELD Digital store
=CAT  \\$a10902$b40$c20130802$lBLL01$h1022
=CAT  \\$a11281$b40$c20130821$lBLL01$h0935
=CAT  \\$aWR14.047$c20140417$lBLL01$h1646
=CAT  \\$aW1611-0868$c20161114$lBLL01$h1415
=CAT  \\$aW1711-1225$c20171203$lBLL01$h1053
=FIN  \\$aY$d20130821
=STA  \\$aSUPPRESSED$bunable to determine reason for suppression
=LAS  \\$aW1711-1225$b00$c20171203$lBLL01$h1053

