=LDR  01900 am a2200469 i 4500
=001  016465129
=003  Uk
=005  20130925104953.0
=006  m\\\\||\\d\|\\\\\\
=007  cr\|||||||||||
=008  130802s2013\\\\enka\\\\ob\\\|0|0\0|eng\\
=FMT  \\$a  BK
=015  \\$aGBB388477$2bnb
=020  \\$z9781409838869
=040  \\$aUk$beng$cUk$erda
=042  \\$aukblsr
=082  04$a363.11936370942$223
=110  1\$aGreat Britain.$bDepartment for Communities and Local Government,$eauthor.
=245  10$aFire and Rescue Authorities :$bhealth, safety and welfare framework for the operational environment.
=264  \1$aLondon :$bDepartment for Communities and Local Government,$cJune 2013.
=300  \\$a1 online resource (66 pages) :$billustrations (colour)
=336  \\$atext$2rdacontent
=337  \\$acomputer$2rdamedia
=338  \\$aonline resource$2rdacarrier
=504  \\$aIncludes bibliographical references.
=588  \\$aDescription based on online resource; title from PDF cover page (viewed on September 25, 2013).
=650  \0$aFire extinction$zEngland$xSafety measures.
=650  \0$aRescue work$zEngland$xSafety measures.
=650  \0$aIndustrial safety$zEngland$xManagement.
=650  \0$aFire departments$zEngland$xManagement.
=856  40$uhttps://www.gov.uk/government/uploads/system/uploads/attachment_data/file/209362/HSFrameworkJunecombined.pdf
=859  \\$aELD$bebook
=852  41$aBritish Library$bHMNTS$jELD Digital store
=CAT  \\$a11384$b40$c20130802$lBLL01$h1359
=CAT  \\$a8141$b40$c20130925$lBLL01$h0944
=CAT  \\$a8141$b40$c20130925$lBLL01$h1049
=CAT  \\$aWR14.047$c20140417$lBLL01$h1646
=CAT  \\$aW1611-0868$c20161114$lBLL01$h1415
=CAT  \\$aW1711-1225$c20171203$lBLL01$h1053
=FIN  \\$aY$d20130925
=STA  \\$aSUPPRESSED$bunable to determine reason for suppression
=LAS  \\$aW1711-1225$b00$c20171203$lBLL01$h1053

