=LDR  01816 am a2200481 i 4500
=001  016465175
=003  Uk
=005  20130821105029.0
=006  m\\\\||\\d\|\\\\\\
=007  cr\|||||||||||
=008  130802s2013\\\\enka|||\ob\\\\0||\0|eng\\
=FMT  \\$a  BK
=015  \\$aGBB375117$2bnb
=020  \\$z9781907689512
=040  \\$aUk$beng$cUk$erda
=042  \\$aukblsr
=082  04$a361.302341$223
=100  1\$aHolmes, Ed,$eauthor.
=245  10$aReforming social work :$bImproving social worker recruitment, training and retention /$cEd Holmes, Guy Miscampbell and Benedict Robin.
=264  \1$aLondon :$bPolicy Exchange,$c[2013]
=300  \\$a1 online resource (68 pages) :$billustrations (colour)
=336  \\$atext$2rdacontent
=337  \\$acomputer$2rdamedia
=338  \\$aonline resource$2rdacarrier
=504  \\$aIncludes bibliographical references.
=588  \\$aDescription based on online resource; title from PDF title page (viewed on August, 21, 2013).
=650  \0$aSocial workers$zGreat Britain.
=650  \0$aSocial service$zGreat Britain.
=690  7\$aSocial Welfare$2blcoll
=700  1\$aMiscampbell, Guy,$eauthor.
=700  1\$aRobin, Benedict,$eauthor.
=710  2\$aPolicy Exchange (Think tank),$epublisher.
=856  40$uhttp://www.policyexchange.org.uk/images/publications/reforming%20social%20work.pdf
=859  \\$aELD$bebook
=852  41$aBritish Library$bHMNTS$jELD Digital store
=CAT  \\$a10902$b40$c20130802$lBLL01$h1427
=CAT  \\$a11281$b40$c20130821$lBLL01$h1050
=CAT  \\$aWR14.047$c20140417$lBLL01$h1646
=CAT  \\$aW1611-0868$c20161114$lBLL01$h1415
=CAT  \\$aW1711-1225$c20171203$lBLL01$h1053
=FIN  \\$aY$d20130821
=STA  \\$aSUPPRESSED$bunable to determine reason for suppression
=LAS  \\$aW1711-1225$b00$c20171203$lBLL01$h1053

