=LDR  01630 am a2200433 i 4500
=001  016465178
=003  Uk
=005  20130925123929.0
=006  m\\\\||\\d\|\\\\\\
=007  cr\|||||||||||
=008  130802s2013\\\\enk\\\\\o\\\\|0|0\0|eng\\
=FMT  \\$a  BK
=015  \\$aGBB388507$2bnb
=020  \\$z9781409839736
=040  \\$aUk$beng$cUk$erda
=042  \\$aukblsr
=082  04$a336.2070942$223
=110  1\$aGreat Britain.$bDepartment for Communities and Local Government,$eauthor.
=245  10$aBusiness rates retention :$bpooling prospectus.
=264  \1$aLondon :$bDepartment for Communities and Local Government,$cJuly 2013.
=300  \\$a1 online resource (13 pages)
=336  \\$atext$2rdacontent
=337  \\$acomputer$2rdamedia
=338  \\$aonline resource$2rdacarrier
=588  \\$aDescription based on online resource; title from PDF cover page (viewed on September 25, 2013).
=650  \0$aBusiness enterprises$xTaxation$zEngland.
=650  \0$aLocal taxation$zEngland.
=856  40$uhttps://www.gov.uk/government/uploads/system/uploads/attachment_data/file/6085/Pooling_Prospectus.pdf
=859  \\$aELD$bebook
=852  41$aBritish Library$bHMNTS$jELD Digital store
=CAT  \\$a11384$b40$c20130802$lBLL01$h1432
=CAT  \\$a8141$b40$c20130925$lBLL01$h1222
=CAT  \\$a8141$b40$c20130925$lBLL01$h1239
=CAT  \\$aWR14.047$c20140417$lBLL01$h1646
=CAT  \\$aW1611-0868$c20161114$lBLL01$h1415
=CAT  \\$aW1711-1225$c20171203$lBLL01$h1053
=FIN  \\$aY$d20130925
=STA  \\$aSUPPRESSED$bunable to determine reason for suppression
=LAS  \\$aW1711-1225$b00$c20171203$lBLL01$h1053

