=LDR  01744 am a2200469 i 4500
=001  016465179
=003  Uk
=005  20130821110510.0
=006  m\\\\||\\d\|\\\\\\
=007  cr\|||||||||||
=008  130802s2013\\\\enka|||\ob\\\\0||\0|eng\\
=FMT  \\$a  BK
=015  \\$aGBB375120$2bnb
=020  \\$z9781907689536
=040  \\$aUk$beng$cUk$erda
=042  \\$aukblsr
=082  04$a365.941$223
=100  1\$aLockyer, Kevin,$eauthor.
=245  10$aFuture prisons :$bA radical plan to reform the prison estate /$cKevin Lockyer, Edited by Max Chambers.
=264  \1$aLondon :$bPolicy Exchange,$c[2013]
=300  \\$a1 online resource (47 pages) :$billustrations (colour)
=336  \\$atext$2rdacontent
=337  \\$acomputer$2rdamedia
=338  \\$aonline resource$2rdacarrier
=504  \\$aIncludes bibliographical references.
=588  \\$aDescription based on online resource; title from PDF cover page (viewed on August 21, 2013).
=650  \0$aPrisons$xGovernment policy$zGreat Britain.
=690  7\$aSocial Welfare$2blcoll
=700  1\$aChambers, Max,$eeditor.
=710  2\$aPolicy Exchange (Think tank),$epublisher.
=856  40$uhttp://www.policyexchange.org.uk/images/publications/future%20prisons.pdf
=859  \\$aELD$bebook
=852  41$aBritish Library$bHMNTS$jELD Digital store
=CAT  \\$a10902$b40$c20130802$lBLL01$h1432
=CAT  \\$a11281$b40$c20130821$lBLL01$h1104
=CAT  \\$a11281$b40$c20130821$lBLL01$h1105
=CAT  \\$aWR14.047$c20140417$lBLL01$h1646
=CAT  \\$aW1611-0868$c20161114$lBLL01$h1415
=CAT  \\$aW1711-1225$c20171203$lBLL01$h1053
=FIN  \\$aY$d20130821
=STA  \\$aSUPPRESSED$bunable to determine reason for suppression
=LAS  \\$aW1711-1225$b00$c20171203$lBLL01$h1053

