=LDR  01988 am a2200481 i 4500
=001  016465259
=003  Uk
=005  20130909095127.0
=006  m\\\\||\\d\|\\\\\\
=007  cr\|||||||||||
=008  130802s2013\\\\enk\\\\\ob\\\|0|0\0|eng\\
=FMT  \\$a  BK
=015  \\$aGBB381365$2bnb
=020  \\$z9781409839040
=040  \\$aUk$beng$cUk$erda
=042  \\$aukblsr
=082  04$a352.32140942$223
=245  00$aYour council's cabinet - going to its meetings, seeing how it works :$ba guide for local people.
=264  \1$aLondon :$bDepartment for Communities and Local Government,$cJune 2013.
=300  \\$a1 online resource (14 pages)
=336  \\$atext$2rdacontent
=337  \\$acomputer$2rdamedia
=338  \\$aonline resource$2rdacarrier
=504  \\$aIncludes bibliographical references.
=588  \\$aDescription based on online resource; title from PDF cover page (viewed on September 9, 2013).
=650  \0$aLegislative bodies$xPublic meetings$zEngland.
=650  \0$aCity councils$zEngland$xRules and practice.
=650  \0$aCounty councils$zEngland$xRules and practice.
=650  \0$aLocal government$zEngland$xCity participation.
=710  1\$aGreat Britain.$bDepartment for Communities and Local Government,$eissuing body.
=856  40$uhttps://www.gov.uk/government/uploads/system/uploads/attachment_data/file/207528/Your_councils_cabinet_-_going_to_its_meetings_seeing_how_it_works.pdf
=859  \\$aELD$bebook
=852  41$aBritish Library$bHMNTS$jELD Digital store
=CAT  \\$a11384$b40$c20130802$lBLL01$h1552
=CAT  \\$a8141$b40$c20130909$lBLL01$h0859
=CAT  \\$a8141$b40$c20130909$lBLL01$h0908
=CAT  \\$a8141$b40$c20130909$lBLL01$h0951
=CAT  \\$aWR14.047$c20140417$lBLL01$h1646
=CAT  \\$aW1611-0868$c20161114$lBLL01$h1415
=CAT  \\$aW1711-1225$c20171203$lBLL01$h1053
=FIN  \\$aY$d20130909
=STA  \\$aSUPPRESSED$bunable to determine reason for suppression
=LAS  \\$aW1711-1225$b00$c20171203$lBLL01$h1053

