=LDR  01941 am a2200517 i 4500
=001  016466535
=003  Uk
=005  20131010103155.0
=006  m\\\\||\\d\|\\\\\\
=007  cr\|||||||||||
=008  130805s2013\\\\enka|||\ob\\\\0||\0|eng\\
=FMT  \\$a  BK
=015  \\$aGBB375125$2bnb
=020  \\$z9780957328150
=040  \\$aUk$beng$cUk$erda
=042  \\$aukblsr
=082  04$a306.8745$223
=100  1\$aGautier, Agnes,$eauthor.
=245  10$aForgotten children :$bChildren growing up in kinship care /$cAgnes Gautier, Sarah Wellard and Susannah Cardy.
=264  \1$aLondon :$bGrandparents Plus,$c[2013]
=300  \\$a1 online resource (17 pages) :$billustrations (colour)
=336  \\$atext$2rdacontent
=337  \\$acomputer$2rdamedia
=338  \\$aonline resource$2rdacarrier
=500  \\$a"Survey Findings Report / June 2013."
=504  \\$aIncludes bibliographical references.
=588  \\$aDescription based on online resource; title from PDF cover page (viewed on August 21, 2013).
=650  \0$aGrandparenting$zGreat Britain.
=650  \0$aGrandparent and child$zGreat Britain.
=650  \0$aGrandparents$zGreat Britain.
=690  7\$aSocial Welfare$2blcoll
=700  1\$aWellard, Sarah,$eauthor.
=700  1\$aCardy, Susannah,$eauthor.
=710  2\$aGrandparents Plus (Charity)
=856  40$uhttp://www.grandparentsplus.org.uk/wp-content/uploads/2011/03/Forgotten-Children-0613-4.pdf
=859  \\$aELD$bebook
=852  41$aBritish Library$bHMNTS$jELD Digital store
=CAT  \\$a10902$b40$c20130805$lBLL01$h0911
=CAT  \\$a11281$b40$c20130821$lBLL01$h1130
=CAT  \\$a6550$b40$c20131010$lBLL01$h1031
=CAT  \\$aWR14.047$c20140417$lBLL01$h1646
=CAT  \\$aW1611-0868$c20161114$lBLL01$h1415
=CAT  \\$aW1711-1225$c20171203$lBLL01$h1053
=FIN  \\$aY$d20130821
=STA  \\$aSUPPRESSED$bunable to determine reason for suppression
=LAS  \\$aW1711-1225$b00$c20171203$lBLL01$h1053

