=LDR  01934 am a2200493 i 4500
=001  016466541
=003  Uk
=005  20130821140639.0
=006  m\\\\||\\d\|\\\\\\
=007  cr\|||||||||||
=008  130805s2013\\\\enkab||\ob\\\\0||\0|eng\\
=FMT  \\$a  BK
=015  \\$aGBB375155$2bnb
=040  \\$aUk$beng$cUk$erda
=042  \\$aukblsr
=082  04$a362.50941$223
=100  1\$aAlakeson, Vidhya,$eauthor.
=245  10$aHome Truths :$bHow affordable is housing for Britain's ordinary working families? /$cVidhya Alakeson and Giselle Cory.
=246  30$aHow affordable is housing for Britain's ordinary working families?
=264  \1$a[London] :$bResolution Foundation,$cJuly 2013.
=300  \\$a1 online resource (37 pages) :$billustrations (colour), maps (colour).
=336  \\$atext$2rdacontent
=337  \\$acomputer$2rdamedia
=338  \\$aonline resource$2rdacarrier
=490  0\$aResolution Foundation briefing
=504  \\$aIncludes bibliographical references.
=588  \\$aDescription based on online resource; title from PDF cover page (viewed on August 21, 2013).
=650  \0$aHousing$zGreat Britain.
=650  \0$aHousing$xEconomic aspects$zGreat Britain.
=690  7\$aSocial Welfare$2blcoll
=700  1\$aCory, Giselle,$eauthor.
=710  2\$aResolution Foundation,$epublisher.
=856  40$uhttp://www.resolutionfoundation.org/media/media/downloads/Home_Truths_1.pdf
=859  \\$aELD$bebook
=852  41$aBritish Library$bHMNTS$jELD Digital store
=CAT  \\$a10902$b40$c20130805$lBLL01$h0922
=CAT  \\$a11281$b40$c20130821$lBLL01$h1406
=CAT  \\$aWR14.047$c20140417$lBLL01$h1646
=CAT  \\$aBATCH-UPD$b00$c20151130$lBLL01$h2020
=CAT  \\$aW1611-0868$c20161114$lBLL01$h1415
=CAT  \\$aW1711-1225$c20171203$lBLL01$h1053
=FIN  \\$aY$d20130821
=STA  \\$aSUPPRESSED$bunable to determine reason for suppression
=LAS  \\$aW1711-1225$b00$c20171203$lBLL01$h1053

