=LDR  01878 am a2200481 i 4500
=001  016466544
=003  Uk
=005  20130821144524.0
=006  m\\\\||\\d\|\\\\\\
=007  cr\|||||||||||
=008  130805s2013\\\\enka|||\ob\\\\0||\0|eng\\
=FMT  \\$a  BK
=015  \\$aGBB375172$2bnb
=040  \\$aUk$beng$cUk$erda
=042  \\$aukblsr
=082  04$a331.210941$223
=100  1\$aPlunkett, James,$eauthor.
=245  10$aFifteen years later :$bA discussion paper on the future of the UK National Minimum Wage and Low Pay Commission /$cJames Plunkett, Alex Hurrell.
=264  \1$a[London] :$bResolution Foundation,$cJuly 2013.
=300  \\$a1 online resource (35 pages) :$billustrations (colour)
=336  \\$atext$2rdacontent
=337  \\$acomputer$2rdamedia
=338  \\$aonline resource$2rdacarrier
=504  \\$aIncludes bibliographical references.
=588  \\$aDescription based on online resource; title from PDF cover page (viewed on August 21, 2013).
=610  10$aGreat Britain.$bLow Pay Commission.
=650  \0$aWages$zGreat Britain.
=650  \0$aMinimum wage$zGreat Britain.
=690  7\$aSocial Welfare$2blcoll
=700  1\$aHurrell, Alex,$eauthor.
=710  2\$aResolution Foundation,$epublisher.
=856  40$uhttp://www.resolutionfoundation.org/media/media/downloads/FINAL_Future_of_the_minimum_wage_discussion_paper.pdf
=859  \\$aELD$bebook
=852  41$aBritish Library$bHMNTS$jELD Digital store
=CAT  \\$a10902$b40$c20130805$lBLL01$h0926
=CAT  \\$a11281$b40$c20130821$lBLL01$h1444
=CAT  \\$a11281$b40$c20130821$lBLL01$h1445
=CAT  \\$aWR14.047$c20140417$lBLL01$h1646
=CAT  \\$aW1611-0868$c20161114$lBLL01$h1415
=CAT  \\$aW1711-1225$c20171203$lBLL01$h1053
=FIN  \\$aY$d20130821
=STA  \\$aSUPPRESSED$bunable to determine reason for suppression
=LAS  \\$aW1711-1225$b00$c20171203$lBLL01$h1053

