=LDR  02010 am a2200505 i 4500
=001  016466549
=003  Uk
=005  20130822074157.0
=006  m\\\\||\\d\|\\\\\\
=007  cr\|||||||||||
=008  130805s2013\\\\enk||||\ob\\\\0||\0|eng\\
=FMT  \\$a  BK
=015  \\$aGBB375190$2bnb
=040  \\$aUk$beng$cUk$erda
=042  \\$aukblsr
=082  04$a362.20941$223
=100  10$aRepper, Julie,$eauthor.
=245  10$aPeer Support Workers :$bTheory and Practice /$cJulie Repper [and five others].
=264  \1$aLondon :$bCentre for Mental Health and Mental Health Network, NHS Confederation,$cJune 2013.
=300  \\$a1 online resource (15 pages).
=336  \\$atext$2rdacontent
=337  \\$acomputer$2rdamedia
=338  \\$aonline resource$2rdacarrier
=490  0\$aImROC briefing ;$v5
=504  \\$aIncludes bibliographical references.
=588  \\$aDescription based on online resource; title from PDF cover page (viewed on August 22, 2013).
=650  \0$aMental health facilities$xEmployees$zGreat Britain.
=650  \0$aMental health services$zGreat Britain.
=650  \0$aOrganizational change$zGreat Britain.
=690  7\$aSocial Welfare$2blcoll
=710  2\$aCentre for Mental Health (London, England),$epublisher.
=710  2\$aNHS Confederation (Great Britain).$bMental Health Network,$epublisher.
=856  40$uhttp://www.centreformentalhealth.org.uk/pdfs/ImROC_peer_support_workers_theory_practice.pdf
=859  \\$aELD$bebook
=852  41$aBritish Library$bHMNTS$jELD Digital store
=CAT  \\$a10902$b40$c20130805$lBLL01$h0939
=CAT  \\$a11281$b40$c20130822$lBLL01$h0736
=CAT  \\$a11281$b40$c20130822$lBLL01$h0741
=CAT  \\$aWR14.047$c20140417$lBLL01$h1646
=CAT  \\$aW1611-0868$c20161114$lBLL01$h1415
=CAT  \\$aBATCH-UPD$b00$c20161114$lBLL01$h1418
=CAT  \\$aW1711-1225$c20171203$lBLL01$h1053
=FIN  \\$aY$d20130822
=STA  \\$aSUPPRESSED$bunable to determine reason for suppression
=LAS  \\$aW1711-1225$b00$c20171203$lBLL01$h1053

