=LDR  01917 am a2200493 i 4500
=001  016466553
=003  Uk
=005  20130822082811.0
=006  m\\\\||\\d\|\\\\\\
=007  cr\|||||||||||
=008  130805s2013\\\\enk||||\ob\\\\0||\0|eng\\
=FMT  \\$a  BK
=015  \\$aGBB375193$2bnb
=040  \\$aUk$beng$cUk$erda
=042  \\$aukblsr
=082  04$a362.20941$223
=100  1\$aTrachtenberg, Marija,$eauthor.
=245  10$aPeer support in mental health care :$bis it good value for money? /$cMarija Trachtenberg, Michael Parsonage, Geoff Shepherd & Jed Boardman.
=264  \1$aLondon :$bCentre for Mental Health,$cJune 2013.
=300  \\$a1 online resource (15 pages)
=336  \\$atext$2rdacontent
=337  \\$acomputer$2rdamedia
=338  \\$aonline resource$2rdacarrier
=500  \\$a"Report."
=504  \\$aIncludes bibliographical references.
=588  \\$aDescription based on online resource; title from PDF cover page (viewed on August 22, 2013).
=650  \0$aMental health facilities$xEmployees$zGreat Britain.
=650  \0$aMental health services$zGreat Britain$xCost effectiveness.
=690  7\$aSocial Welfare$2blcoll
=700  1\$aParsonage, Michael,$eauthor.
=700  1\$aShepherd, Geoff,$eauthor.
=700  1\$aBoardman, Jed,$eauthor.
=710  2\$aCentre for Mental Health (London, England),$epublisher.
=856  40$uhttp://www.centreformentalhealth.org.uk/pdfs/peer_support_value_for_money_2013.pdf
=859  \\$aELD$bebook
=852  41$aBritish Library$bHMNTS$jELD Digital store
=CAT  \\$a10902$b40$c20130805$lBLL01$h0943
=CAT  \\$a11281$b40$c20130822$lBLL01$h0828
=CAT  \\$aWR14.047$c20140417$lBLL01$h1646
=CAT  \\$aW1611-0868$c20161114$lBLL01$h1415
=CAT  \\$aW1711-1225$c20171203$lBLL01$h1053
=FIN  \\$aY$d20130822
=STA  \\$aSUPPRESSED$bunable to determine reason for suppression
=LAS  \\$aW1711-1225$b00$c20171203$lBLL01$h1053

