=LDR  01834 am a2200481 i 4500
=001  016466555
=003  Uk
=005  20130822092148.0
=006  m\\\\||\\d\|\\\\\\
=007  cr\|||||||||||
=008  130805s2013\\\\enk||||\ob\\\\0||\0|eng\\
=FMT  \\$a  BK
=015  \\$aGBB375204$2bnb
=040  \\$aUk$beng$cUk$erda
=042  \\$aukblsr
=082  04$a362.20941$223
=100  1\$aMachin, Karen,$eauthor.
=245  10$aRecovery :$ba carer's perspective /$cKaren Machin and Julie Repper.
=264  \1$aLondon :$bCentre for Mental Health and Mental Health Network, NHS Confederation,$cMay 2013.
=300  \\$a1 online resource (15 pages).
=336  \\$atext$2rdacontent
=337  \\$acomputer$2rdamedia
=338  \\$aonline resource$2rdacarrier
=490  0\$aImROC briefing ;$v4
=504  \\$aIncludes bibliographical references.
=588  \\$aDescription based on online resource; title from PDF cover page (viewed on August 22, 2013).
=650  \0$aMentally ill$xCare$zGreat Britain.
=650  \0$aCaregivers$zGreat Britain.
=690  7\$aSocial Welfare$2blcoll
=700  1\$aRepper, Julie,$eauthor.
=710  2\$aCentre for Mental Health (London, England),$epublisher.
=710  2\$aNHS Confederation (Great Britain).$bMental Health Network,$epublisher.
=856  40$uhttp://www.centreformentalhealth.org.uk/pdfs/ImROC_briefing_carers.pdf
=859  \\$aELD$bebook
=852  41$aBritish Library$bHMNTS$jELD Digital store
=CAT  \\$a10902$b40$c20130805$lBLL01$h0947
=CAT  \\$a11281$b40$c20130822$lBLL01$h0921
=CAT  \\$aWR14.047$c20140417$lBLL01$h1646
=CAT  \\$aW1611-0868$c20161114$lBLL01$h1415
=CAT  \\$aW1711-1225$c20171203$lBLL01$h1053
=FIN  \\$aY$d20130822
=STA  \\$aSUPPRESSED$bunable to determine reason for suppression
=LAS  \\$aW1711-1225$b00$c20171203$lBLL01$h1053

