=LDR  01590 am a2200445 i 4500
=001  016466582
=003  Uk
=005  20130822103846.0
=006  m\\\\||\\d\|\\\\\\
=007  cr\|||||||||||
=008  130805s2013\\\\enka|||\ob\\\\0||\0|eng\\
=FMT  \\$a  BK
=015  \\$aGBB375210$2bnb
=040  \\$aUk$beng$cUk$erda
=042  \\$aukblsr
=082  04$a336.2423$223
=100  1\$aCorlett, Adam,$eauthor.
=245  10$aEnding the self-employment tax break /$cAdam Corlett.
=264  \1$a[London] :$bCentreForum,$cMay 2013.
=300  \\$a1 online resource (12 pages) :$billustrations (colour)
=336  \\$atext$2rdacontent
=337  \\$acomputer$2rdamedia
=338  \\$aonline resource$2rdacarrier
=504  \\$aIncludes bibliographical references.
=588  \\$aDescription based on online resource; title from PDF cover page (viewed on August 22, 2013).
=650  \0$aSelf-employed$zGreat Britain.
=650  \0$aIncome tax$zGreat Britain.
=690  7\$aSocial Welfare$2blcoll
=710  2\$aCentreForum (Organisation),$epublisher.
=856  40$uhttp://www.centreforum.org/assets/pubs/self-employment.pdf
=859  \\$aELD$bebook
=852  41$aBritish Library$bHMNTS$jELD Digital store
=CAT  \\$a10902$b40$c20130805$lBLL01$h1118
=CAT  \\$a11281$b40$c20130822$lBLL01$h1038
=CAT  \\$aWR14.047$c20140417$lBLL01$h1646
=CAT  \\$aW1611-0868$c20161114$lBLL01$h1415
=CAT  \\$aW1711-1225$c20171203$lBLL01$h1053
=FIN  \\$aY$d20130822
=STA  \\$aSUPPRESSED$bunable to determine reason for suppression
=LAS  \\$aW1711-1225$b00$c20171203$lBLL01$h1053

