=LDR  01864 am a2200481 i 4500
=001  016466597
=003  Uk
=005  20130822110341.0
=006  m\\\\||\\d\|\\\\\\
=007  cr\|||||||||||
=008  130805s2013\\\\enka|||\ob\\\\0||\0|eng\\
=FMT  \\$a  BK
=015  \\$aGBB375211$2bnb
=020  \\$z9781906284268
=040  \\$aUk$beng$cUk$erda
=042  \\$aukblsr
=082  04$a331.2520941$223
=100  1\$aEchalier, Melissa,$eauthor.
=245  10$aTax relief for pension saving in the UK /$cA Research Report by Melissa Echalier, John Adams, Daniel Redwood and Chris Curry.
=264  \1$a[London] :$bPensions Policy Institute,$c[July 2013]
=300  \\$a1 online resource (80 pages) :$billustrations (colour)
=336  \\$atext$2rdacontent
=337  \\$acomputer$2rdamedia
=338  \\$aonline resource$2rdacarrier
=504  \\$aIncludes bibliographical references.
=588  \\$aDescription based on online resource; title from PDF cover page (viewed on August 22, 2013).
=650  \0$aPensions$xTaxation$zGreat Britain.
=690  7\$aSocial Welfare$2blcoll
=700  1\$aAdams, John,$d1976-$eauthor.
=700  1\$aRedwood, Daniel,$eauthor.
=700  1\$aCurry, Chris,$d1971-$eauthor.
=710  2\$aPensions Policy Institute,$epublisher.
=856  40$uhttps://www.pensionspolicyinstitute.org.uk/uploadeddocuments/20130715_Tax_Relief_for_Pension_Saving_in_the_UK.pdf
=859  \\$aELD$bebook
=852  41$aBritish Library$bHMNTS$jELD Digital store
=CAT  \\$a10902$b40$c20130805$lBLL01$h1138
=CAT  \\$a11281$b40$c20130822$lBLL01$h1103
=CAT  \\$aWR14.047$c20140417$lBLL01$h1646
=CAT  \\$aW1611-0868$c20161114$lBLL01$h1415
=CAT  \\$aW1711-1225$c20171203$lBLL01$h1053
=FIN  \\$aY$d20130822
=STA  \\$aSUPPRESSED$bunable to determine reason for suppression
=LAS  \\$aW1711-1225$b00$c20171203$lBLL01$h1053

