=LDR  01888 am a2200493 i 4500
=001  016466600
=003  Uk
=005  20130814115348.0
=006  m\\\\||\\d\|\\\\\\
=007  cr\|||||||||||
=008  130805s2013\\\\enka\\\\ob\\\\0|0\0|eng\\
=FMT  \\$a  BK
=015  \\$aGBB372721$2bnb
=020  \\$z9781907689543 (paperback)
=040  \\$aUk$beng$cUk$erda
=042  \\$aukblsr
=082  04$a362.89940941$223
=100  1\$aHolmes, Ed,$eauthor.
=245  10$aRoute2Work :$bemployment support for the very-hardest-to-help /$cEd Holmes and Matthew Oakley.
=246  13$aEmployment support for the very-hardest-to-help
=264  \1$aLondon :$bPolicy Exchange,$c[2013]
=300  \\$a1 online resource (45 pages) :$billustrations (colour)
=336  \\$atext$2rdacontent
=337  \\$acomputer$2rdamedia
=338  \\$aonline resource$2rdacarrier
=504  \\$aIncludes bibliographical references.
=530  \\$aAlso issued in print format.
=588  \\$aDescription based on online resource; title from PDF title page (viewed on August 14, 2013).
=650  \0$aHard-core unemployed$xServices for$zGreat Britain.
=650  \0$aHard core unemployed$xServices for$zGreat Britain$xFinance.
=690  7\$aSocial Welfare$2blcoll
=700  1\$aOakley, Matthew,$eauthor.
=710  2\$aPolicy Exchange (Think tank),$epublisher.
=856  40$uhttp://www.policyexchange.org.uk/images/publications/route2work.pdf
=859  \\$aELD$bebook
=852  41$aBritish Library$bHMNTS$jELD Digital store
=CAT  \\$a12664$b40$c20130805$lBLL01$h1143
=CAT  \\$a8141$b40$c20130814$lBLL01$h1153
=CAT  \\$aWR14.047$c20140417$lBLL01$h1646
=CAT  \\$aW1611-0868$c20161114$lBLL01$h1415
=CAT  \\$aW1711-1225$c20171203$lBLL01$h1053
=FIN  \\$aY$d20130814
=STA  \\$aSUPPRESSED$bunable to determine reason for suppression
=LAS  \\$aW1711-1225$b00$c20171203$lBLL01$h1053

