=LDR  01621 am a2200433 i 4500
=001  016466604
=003  Uk
=005  20130822112801.0
=006  m\\\\||\\d\|\\\\\\
=007  cr\|||||||||||
=008  130805s2013\\\\enk||||\ob\\\\0||\0|eng\\
=FMT  \\$a  BK
=015  \\$aGBB375218$2bnb
=040  \\$aUk$beng$cUk$erda
=042  \\$aukblsr
=082  04$a331.25220941$223
=110  2\$aPensions Policy Institute,$eauthor.
=245  14$aThe impact of the Government's single-tier state pension reform.
=264  \1$a[London] :$bPensions Policy Institute,$c[June 2013]
=300  \\$a1 online resource (4 pages).
=336  \\$atext$2rdacontent
=337  \\$acomputer$2rdamedia
=338  \\$aonline resource$2rdacarrier
=490  0\$aPPI Single Tier Series ;$vPaper no. 1
=504  \\$aIncludes bibliographical references.
=588  \\$aDescription based on online resource; title from PDF cover page (viewed on August 22, 2013).
=650  \0$aPensions$xGovernment policy$zGreat Britain.
=690  7\$aSocial Welfare$2blcoll
=856  40$uhttps://www.pensionspolicyinstitute.org.uk/uploadeddocuments/PPI_Single_Tier_Series_Paper_1_FINAL.pdf
=859  \\$aELD$bebook
=852  41$aBritish Library$bHMNTS$jELD Digital store
=CAT  \\$a10902$b40$c20130805$lBLL01$h1144
=CAT  \\$a11281$b40$c20130822$lBLL01$h1128
=CAT  \\$aWR14.047$c20140417$lBLL01$h1646
=CAT  \\$aW1611-0868$c20161114$lBLL01$h1415
=CAT  \\$aW1711-1225$c20171203$lBLL01$h1053
=FIN  \\$aY$d20130822
=STA  \\$aSUPPRESSED$bunable to determine reason for suppression
=LAS  \\$aW1711-1225$b00$c20171203$lBLL01$h1053

