=LDR  01770 am a2200445 i 4500
=001  016466621
=003  Uk
=005  20130822120306.0
=006  m\\\\||\\d\|\\\\\\
=007  cr\|||||||||||
=008  130805s2013\\\\enk||||\ob\\\o0||\0|eng\\
=FMT  \\$a  BK
=015  \\$aGBB375226$2bnb
=040  \\$aUk$beng$cUk$erda
=042  \\$aukblsr
=082  04$a372.941$223
=110  1\$aGreat Britain.$bDepartment for Education,$eauthor.
=245  10$aPrimary assessment and accountability under the new national curriculum.
=264  \1$a[London] :$bDepartment for Education,$c17 July 2013.
=300  \\$a1 online resource
=336  \\$atext$2rdacontent
=337  \\$acomputer$2rdamedia
=338  \\$aonline resource$2rdacarrier
=504  \\$aIncludes bibliographical references.
=588  \\$aDescription based on online resource; title from PDF cover page (viewed on August 22, 2013).
=650  \0$aEducation, Elementary$zGreat Britain.
=650  \0$aEducation, Elementary$zGreat Britain$xCurricula.
=650  \0$aEducation, Elementary$zGreat Britain$xEvaluation.
=690  7\$aSocial Welfare$2blcoll
=856  40$uhttps://www.gov.uk/government/uploads/system/uploads/attachment_data/file/223672/Primary_assessment_and_accountability_under_the_new_curriculum_consultation_document_pdf.pdf
=859  \\$aELD$bebook
=852  41$aBritish Library$bHMNTS$jELD Digital store
=CAT  \\$a10902$b40$c20130805$lBLL01$h1203
=CAT  \\$a11281$b40$c20130822$lBLL01$h1203
=CAT  \\$aWR14.047$c20140417$lBLL01$h1646
=CAT  \\$aW1611-0868$c20161114$lBLL01$h1415
=CAT  \\$aW1711-1225$c20171203$lBLL01$h1053
=FIN  \\$aY$d20130822
=STA  \\$aSUPPRESSED$bunable to determine reason for suppression
=LAS  \\$aW1711-1225$b00$c20171203$lBLL01$h1053

