=LDR  01135 am a22003133i 4500
=001  016466628
=003  Uk
=005  20130805130028.0
=006  m\\\\||\\d\|\\\\\\
=007  cr\|||||||||||
=008  130805s2013\\\\enk\\\\\o\\\\\0|0\0|eng\\
=FMT  \\$a  BK
=245  \0$aOur place! :$bcommunity engagement : a guide to what we learnt.
=264  \1$aLondon :$bLocal Government Association,$c2013.
=336  \\$atext$2rdacontent
=337  \\$acomputer$2rdamedia
=338  \\$aonline resource$2rdacarrier
=500  \\$aPublished July 2013.
=690  7\$aSocial Welfare$2blcoll
=856  40$uhttp://www.local.gov.uk/c/document_library/get_file?uuid=d487a9cb-c023-4ab0-acce-98972ed46978&groupId=10171
=859  \\$aELD$bebook
=852  41$aBritish Library$bHMNTS$jELD Digital store
=CAT  \\$a10876$b40$c20130805$lBLL01$h1209
=CAT  \\$a10876$b40$c20130805$lBLL01$h1300
=CAT  \\$aWR14.047$c20140417$lBLL01$h1646
=CAT  \\$aW1611-0868$c20161114$lBLL01$h1415
=CAT  \\$aW1711-1225$c20171203$lBLL01$h1053
=STA  \\$aSUPPRESSED$bunable to determine reason for suppression
=LAS  \\$aW1711-1225$b00$c20171203$lBLL01$h1053

