=LDR  01198 am a22003253i 4500
=001  016466646
=003  Uk
=005  20130805125951.0
=006  m\\\\||\\d\|\\\\\\
=007  cr\|||||||||||
=008  130805s2013\\\\enk\\\\\o\\\\\0|0\0|eng\\
=FMT  \\$a  BK
=245  \0$aThe Health and Wellbeing System Improvement Programme and Partnership :$bprospectus.
=264  \1$aLondon :$bLocal Government Association,$c2013.
=336  \\$atext$2rdacontent
=337  \\$acomputer$2rdamedia
=338  \\$aonline resource$2rdacarrier
=490  0\$aHealth, adult social care
=500  \\$aPublished June 2013.
=690  7\$aSocial Welfare$2blcoll
=856  40$uhttp://www.local.gov.uk/c/document_library/get_file?uuid=522c3770-c5c7-4bbf-947c-8c333ff19eda&groupId=10171
=859  \\$aELD$bebook
=852  41$aBritish Library$bHMNTS$jELD Digital store
=CAT  \\$a10876$b40$c20130805$lBLL01$h1243
=CAT  \\$a10876$b40$c20130805$lBLL01$h1259
=CAT  \\$aWR14.047$c20140417$lBLL01$h1646
=CAT  \\$aW1611-0868$c20161114$lBLL01$h1415
=CAT  \\$aW1711-1225$c20171203$lBLL01$h1053
=STA  \\$aSUPPRESSED$bunable to determine reason for suppression
=LAS  \\$aW1711-1225$b00$c20171203$lBLL01$h1053

