=LDR  01165 am a22003253i 4500
=001  016466650
=003  Uk
=005  20130805125943.0
=006  m\\\\||\\d\|\\\\\\
=007  cr\|||||||||||
=008  130805s2013\\\\enk\\\\\o\\\\\0|0\0|eng\\
=FMT  \\$a  BK
=245  \0$aPersonal Care Savings Bonds - a new way of saving towards social care in later life.
=264  \1$aLondon :$bILC-UK,$c2013.
=336  \\$atext$2rdacontent
=337  \\$acomputer$2rdamedia
=338  \\$aonline resource$2rdacarrier
=500  \\$aPublished June 2013.
=690  7\$aSocial Welfare$2blcoll
=856  40$uhttp://www.ilcuk.org.uk/images/uploads/publication-pdfs/Personal_Care_Savings_Bonds.pdf
=859  \\$aELD$bebook
=852  41$aBritish Library$bHMNTS$jELD Digital store
=CAT  \\$a10876$b40$c20130805$lBLL01$h1253
=CAT  \\$a10876$b40$c20130805$lBLL01$h1254
=CAT  \\$a10876$b40$c20130805$lBLL01$h1259
=CAT  \\$aWR14.047$c20140417$lBLL01$h1646
=CAT  \\$aW1611-0868$c20161114$lBLL01$h1415
=CAT  \\$aW1711-1225$c20171203$lBLL01$h1053
=STA  \\$aSUPPRESSED$bunable to determine reason for suppression
=LAS  \\$aW1711-1225$b00$c20171203$lBLL01$h1053

