=LDR  01128 am a22003013i 4500
=001  016466655
=003  Uk
=005  20130805130128.0
=006  m\\\\||\\d\|\\\\\\
=007  cr\|||||||||||
=008  130805s2013\\\\enk\\\\\o\\\\\0|0\0|eng\\
=FMT  \\$a  BK
=245  \0$aWhat role for extra care housing in a socially isolated landscape? :$breport.
=264  \1$aLondon :$bHousing Learning & Improvement Network,$c2013.
=336  \\$atext$2rdacontent
=337  \\$acomputer$2rdamedia
=338  \\$aonline resource$2rdacarrier
=500  \\$aPublished June 2013.
=690  7\$aSocial Welfare$2blcoll
=856  40$uhttp://www.ilcuk.org.uk/images/uploads/publication-pdfs/What_role_for_extra_care_housing_in_a_socially_isolated_landscape.pdf
=859  \\$aELD$bebook
=852  41$aBritish Library$bHMNTS$jELD Digital store
=CAT  \\$a10876$b40$c20130805$lBLL01$h1301
=CAT  \\$aWR14.047$c20140417$lBLL01$h1646
=CAT  \\$aW1611-0868$c20161114$lBLL01$h1415
=CAT  \\$aW1711-1225$c20171203$lBLL01$h1053
=STA  \\$aSUPPRESSED$bunable to determine reason for suppression
=LAS  \\$aW1711-1225$b00$c20171203$lBLL01$h1053

