=LDR  01144 am a22003373i 4500
=001  016466739
=003  Uk
=005  20130805160719.0
=006  m\\\\||\\d\|\\\\\\
=007  cr\|||||||||||
=008  130805s2013\\\\enk\\\\\o\\\\\0|0\0|eng\\
=FMT  \\$a  BK
=020  \\$z9781909463073
=245  \0$aChild and working-age poverty in Northern Ireland from 2010 to 2020.
=264  \1$aLondon :$bInstitute for Fiscal Studies,$c2013.
=336  \\$atext$2rdacontent
=337  \\$acomputer$2rdamedia
=338  \\$aonline resource$2rdacarrier
=490  0\$aIFS report ;$vR78
=690  7\$aSocial Welfare$2blcoll
=856  40$uhttp://www.ifs.org.uk/comms/r78.pdf
=859  \\$aELD$bebook
=852  41$aBritish Library$bHMNTS$jELD Digital store
=CAT  \\$a10876$b40$c20130805$lBLL01$h1531
=CAT  \\$a10876$b40$c20130805$lBLL01$h1533
=CAT  \\$a10876$b40$c20130805$lBLL01$h1607
=CAT  \\$aWR14.047$c20140417$lBLL01$h1646
=CAT  \\$aW1611-0868$c20161114$lBLL01$h1415
=CAT  \\$aW1711-1225$c20171203$lBLL01$h1053
=STA  \\$aSUPPRESSED$bunable to determine reason for suppression
=LAS  \\$aW1711-1225$b00$c20171203$lBLL01$h1053

