=LDR  01126 am a22003373i 4500
=001  016466745
=003  Uk
=005  20130805154202.0
=006  m\\\\||\\d\|\\\\\\
=007  cr\|||||||||||
=008  130805s\\\\\\\\enk\\\\\o\\\\\0|0\0|eng\\
=FMT  \\$a  BK
=020  \\$z9781909463080
=245  \0$aWhen you are born matters :$bevidence for England.
=264  \1$aLondon :$bInstitute for Fiscal Studies,$c2013.
=336  \\$atext$2rdacontent
=337  \\$acomputer$2rdamedia
=338  \\$aonline resource$2rdacarrier
=490  0\$aIFS report ;$vR80
=690  7\$aSocial Welfare$2blcoll
=856  40$uhttp://www.ifs.org.uk/comms/r80.pdf
=859  \\$aELD$bebook
=852  41$aBritish Library$bHMNTS$jELD Digital store
=CAT  \\$a10876$b40$c20130805$lBLL01$h1536
=CAT  \\$a10876$b40$c20130805$lBLL01$h1538
=CAT  \\$a10876$b40$c20130805$lBLL01$h1542
=CAT  \\$aWR14.047$c20140417$lBLL01$h1646
=CAT  \\$aW1611-0868$c20161114$lBLL01$h1415
=CAT  \\$aW1711-1225$c20171203$lBLL01$h1053
=STA  \\$aSUPPRESSED$bunable to determine reason for suppression
=LAS  \\$aW1711-1225$b00$c20171203$lBLL01$h1053

