=LDR  01931 am a2200517 i 4500
=001  016468673
=003  Uk
=005  20130822160036.0
=006  m\\\\||\\d\|\\\\\\
=007  cr\|||||||||||
=008  130807s2013\\\\enka|||\ob\\\\0||\0|eng\\
=FMT  \\$a  BK
=015  \\$aGBB375249$2bnb
=040  \\$aUk$beng$cUk$erda
=042  \\$aukblsr
=082  04$a320.01$223
=100  1\$aBurchardt, Tania,$eauthor.
=245  10$aPublic policy and inequalities of choice and autonomy /$cTania Burchardt, Martin Evans and Holly Holder.
=264  \1$aLondon :$bCentre for Analysis of Social Exclusion,$cJune 2013.
=300  \\$a1 online resource (iii, 24 pages) :$billustrations (colour).
=336  \\$atext$2rdacontent
=337  \\$acomputer$2rdamedia
=338  \\$aonline resource$2rdacarrier
=490  0\$aCASE ;$v174
=504  \\$aIncludes bibliographical references.
=588  \\$aDescription based on online resource; title from PDF cover page (viewed on August 22, 2013).
=650  \0$aEquality$zGreat Britain.
=650  \0$aDecision making$xPolitical aspects.
=650  \0$aDecision making$xPhilosophy.
=650  \0$aAutonomy (Philosophy)
=650  \0$aChoice (Psychology)
=700  1\$aEvans, Martin,$d1957-$eauthor.
=700  1\$aHolder, Holly,$eauthor.
=710  2\$aCentre for Analysis of Social Exclusion,$epublisher.
=856  40$uhttp://sticerd.lse.ac.uk/dps/case/cp/casepaper174.pdf
=859  \\$aELD$bebook
=852  41$aBritish Library$bHMNTS$jELD Digital store
=CAT  \\$a10902$b40$c20130807$lBLL01$h0841
=CAT  \\$a10902$b40$c20130807$lBLL01$h0844
=CAT  \\$a11281$b40$c20130822$lBLL01$h1600
=CAT  \\$aWR14.047$c20140417$lBLL01$h1646
=CAT  \\$aW1611-0868$c20161114$lBLL01$h1415
=CAT  \\$aW1711-1225$c20171203$lBLL01$h1053
=FIN  \\$aY$d20130822
=STA  \\$aSUPPRESSED$bunable to determine reason for suppression
=LAS  \\$aW1711-1225$b00$c20171203$lBLL01$h1053

