=LDR  01933 am a2200469 i 4500
=001  016468698
=003  Uk
=005  20130822162132.0
=006  m\\\\||\\d\|\\\\\\
=007  cr\|||||||||||
=008  130807s2013\\\\enka|||\ob\\\\0||\0|eng\\
=FMT  \\$a  BK
=015  \\$aGBB375250$2bnb
=040  \\$aUk$beng$cUk$erda
=042  \\$aukblsr
=082  04$a339.220941$223
=100  1\$aHills, John,$d1954-$eauthor.
=245  10$aWealth distribution, accumulation, and policy /$cJohn Hills [and five others].
=264  \1$a[London] :$bCentre for Analysis of Social Exclusion,$cMay 2013.
=300  \\$a1 online resource (6 unnumbered pages) :$b1 illustration (black and white).
=336  \\$atext$2rdacontent
=337  \\$acomputer$2rdamedia
=338  \\$aonline resource$2rdacarrier
=490  0\$aCASEbrief ;$v33
=504  \\$aIncludes bibliographical references.
=520  \\$a"This CASEbrief summarises findings from Wealth in the UK: Distribution, accumulation, and policy, published by Oxford University Press (ISBN 978-0-19-976830-3)." -- title page.
=588  \\$aDescription based on online resource; title from PDF title page caption (viewed on August 22, 2013).
=650  \0$aWealth$zGreat Britain.
=650  \0$aIncome distribution$zGreat Britain.
=650  \0$aWealth$xGovernment policy$zGreat Britain.
=710  2\$aCentre for Analysis of Social Exclusion,$epublisher.
=856  40$uhttp://sticerd.lse.ac.uk/dps/case/cb/casebrief33.pdf
=859  \\$aELD$bebook
=852  41$aBritish Library$bHMNTS$jELD Digital store
=CAT  \\$a10902$b40$c20130807$lBLL01$h0914
=CAT  \\$a11281$b40$c20130822$lBLL01$h1621
=CAT  \\$aWR14.047$c20140417$lBLL01$h1646
=CAT  \\$aW1611-0868$c20161114$lBLL01$h1415
=CAT  \\$aW1711-1225$c20171203$lBLL01$h1053
=FIN  \\$aY$d20130822
=STA  \\$aSUPPRESSED$bunable to determine reason for suppression
=LAS  \\$aW1711-1225$b00$c20171203$lBLL01$h1053

