=LDR  01768 am a2200469 i 4500
=001  016468746
=003  Uk
=005  20130902140758.0
=006  m\\\\||\\d\|\\\\\\
=007  cr\|||||||||||
=008  130807s2013\\\\enk||||\ob\\\o0||\0|eng\\
=FMT  \\$a  BK
=015  \\$aGBB375254$2bnb
=040  \\$aUk$beng$cUk$erda
=042  \\$aukblsr
=082  04$a362.10941$223
=110  2\$aNHS Commissioning Board,$eauthor.
=245  10$aCommissioning Policy :$bEthical framework for priority setting and resource allocation.
=246  30$aEthical framework for priority setting and resource allocation
=264  \1$a[London] :$bNHS Commissioning Board,$cApril 2013.
=300  \\$a1 online resource (16 pages)
=336  \\$atext$2rdacontent
=337  \\$acomputer$2rdamedia
=338  \\$aonline resource$2rdacarrier
=500  \\$aReference : NHSCB/CP/01.
=504  \\$aIncludes bibliographical references.
=588  \\$aDescription based on online resource; title from PDF cover page (viewed on August 22, 2013).
=650  \0$aNational health services$zGreat Britain.
=650  \0$aPublic health administration$zGreat Britain.
=690  7\$aSocial Welfare$2blcoll
=856  40$uhttp://www.england.nhs.uk/wp-content/uploads/2013/04/cp-01.pdf
=859  \\$aELD$bebook
=852  41$aBritish Library$bHMNTS$jELD Digital store
=CAT  \\$a10902$b40$c20130807$lBLL01$h0944
=CAT  \\$a11281$b40$c20130822$lBLL01$h1641
=CAT  \\$a7332$b40$c20130902$lBLL01$h1407
=CAT  \\$aWR14.047$c20140417$lBLL01$h1646
=CAT  \\$aW1611-0868$c20161114$lBLL01$h1415
=CAT  \\$aW1711-1225$c20171203$lBLL01$h1053
=FIN  \\$aY$d20130822
=STA  \\$aSUPPRESSED$bunable to determine reason for suppression
=LAS  \\$aW1711-1225$b00$c20171203$lBLL01$h1053

