=LDR  01688 am a2200457 i 4500
=001  016468753
=003  Uk
=005  20130822171446.0
=006  m\\\\||\\d\|\\\\\\
=007  cr\|||||||||||
=008  130807s2013\\\\enk||||\ob\\\\0||\0|eng\\
=FMT  \\$a  BK
=015  \\$aGBB375255$2bnb
=040  \\$aUk$beng$cUk$erda
=042  \\$aukblsr
=082  04$a362.0425$223
=110  2\$aSocial Care Institute for Excellence (Great Britain),$eauthor.
=245  10$aMaximising the potential of reablement.
=264  \1$aLondon :$bSocial Care Institute for Excellence,$cMay 2013.
=300  \\$a1 online resource (38 pages).
=336  \\$atext$2rdacontent
=337  \\$acomputer$2rdamedia
=338  \\$aonline resource$2rdacarrier
=490  0\$aSCIE Guide ;$v49
=504  \\$aIncludes bibliographical references.
=588  \\$aDescription based on online resource; title from PDF cover page (viewed on August 22, 2013).
=650  \0$aHome care services$zGreat Britain.
=650  \0$aPeople with disabilities$xLong-term care$zGreat Britain.
=650  \0$aSick$xRehabilitation$zGreat Britain.
=690  7\$aSocial Welfare$2blcoll
=856  40$uhttp://www.scie.org.uk/publications/guides/guide49/files/guide49.pdf
=859  \\$aELD$bebook
=852  41$aBritish Library$bHMNTS$jELD Digital store
=CAT  \\$a10902$b40$c20130807$lBLL01$h0950
=CAT  \\$a11281$b40$c20130822$lBLL01$h1714
=CAT  \\$aWR14.047$c20140417$lBLL01$h1646
=CAT  \\$aW1611-0868$c20161114$lBLL01$h1415
=CAT  \\$aW1711-1225$c20171203$lBLL01$h1053
=FIN  \\$aY$d20130822
=STA  \\$aSUPPRESSED$bunable to determine reason for suppression
=LAS  \\$aW1711-1225$b00$c20171203$lBLL01$h1053

