=LDR  01972 am a2200505 i 4500
=001  016468825
=003  Uk
=005  20130829085526.0
=006  m\\\\||\\d\|\\\\\\
=007  cr\|||||||||||
=008  130807s2013\\\\enka|||\ob\\\\0||\0|eng\\
=FMT  \\$a  BK
=015  \\$aGBB377809$2bnb
=040  \\$aUk$beng$cUk$erda
=042  \\$aukblsr
=082  04$a362.7340942$223
=100  1\$aHolmes, Lisa,$eauthor.
=245  10$aPost adoption support :$bA rapid response survey of local authorities in England /$cLisa Holmes, Samantha McDermid and Clare Lushey.
=264  \1$a[London] :$bChildhood Wellbeing Research Centre,$cMay 2013.
=300  \\$a1 online resource (42 pages).
=336  \\$atext$2rdacontent
=337  \\$acomputer$2rdamedia
=338  \\$aonline resource$2rdacarrier
=490  1\$aWorking paper ;$vno. 19
=504  \\$aIncludes bibliographical references.
=588  \\$aDescription based on online resource; title from PDF cover page (viewed on August 29, 2013).
=650  \0$aAdoption$zEngland.
=650  \0$aChildren$xServices for$zEngland.
=690  7\$aSocial Welfare$2blcoll
=700  1\$aMcDermid, Samantha,$eauthor.
=700  12$aLushey, Clare,$eauthor.
=710  2\$aChildhood Wellbeing Research Centre,$epublisher.
=830  \0$aWorking paper (Childhood Wellbeing Research Centre) ;$vno. 19.
=856  40$uhttps://www.gov.uk/government/uploads/system/uploads/attachment_data/file/193441/CWRC-00045-2013.pdf
=859  \\$aELD$bebook
=852  41$aBritish Library$bHMNTS$jELD Digital store
=CAT  \\$a10902$b40$c20130807$lBLL01$h1100
=CAT  \\$a11281$b40$c20130829$lBLL01$h0855
=CAT  \\$aWR14.047$c20140417$lBLL01$h1646
=CAT  \\$aW1611-0868$c20161114$lBLL01$h1415
=CAT  \\$aW1711-1225$c20171203$lBLL01$h1053
=CAT  \\$aBATCH-UPD$b00$c20210628$lBLL01$h2020
=FIN  \\$aY$d20130829
=STA  \\$aSUPPRESSED$bunable to determine reason for suppression
=LAS  \\$aBATCH-UPD$b00$c20210628$lBLL01$h2020

