=LDR  01859 am a2200469 i 4500
=001  016468846
=003  Uk
=005  20130829104348.0
=006  m\\\\||\\d\|\\\\\\
=007  cr\|||||||||||
=008  130807s2013\\\\enka|||\ob\\\o0||\0|eng\\
=FMT  \\$a  BK
=015  \\$aGBB377822$2bnb
=040  \\$aUk$beng$cUk$erda
=042  \\$aukblsr
=082  04$a378.41$223
=245  00$aHigher education institutions and local government :$bCollaborating for growth.
=264  \1$aLondon :$bLocal Government Association,$c[April 2013]
=300  \\$a1 online resource (14 pages) :$billustrations (black and white)
=336  \\$atext$2rdacontent
=337  \\$acomputer$2rdamedia
=338  \\$aonline resource$2rdacarrier
=500  \\$a"Economy and transport."
=504  \\$aIncludes bibliographical references.
=588  \\$aDescription based on online resource; title from PDF cover page (viewed on August 29, 2013).
=650  \0$aEconomic development$zGreat Britain$xEffect of education on.
=650  \0$aUniversities and colleges$xEconomic aspects$zGreat Britain.
=690  7\$aSocial Welfare$2blcoll
=710  2\$aLocal Government Association (England and Wales),$epublisher.
=710  2\$aUniversities UK.
=856  40$uhttp://www.local.gov.uk/c/document_library/get_file?uuid=ec25ef09-8129-4ead-8b2c-7aa5edbba4ad&groupId=10171
=859  \\$aELD$bebook
=852  41$aBritish Library$bHMNTS$jELD Digital store
=CAT  \\$a10902$b40$c20130807$lBLL01$h1122
=CAT  \\$a10902$b40$c20130807$lBLL01$h1124
=CAT  \\$a11281$b40$c20130829$lBLL01$h1043
=CAT  \\$aWR14.047$c20140417$lBLL01$h1646
=CAT  \\$aW1611-0868$c20161114$lBLL01$h1415
=CAT  \\$aW1711-1225$c20171203$lBLL01$h1053
=FIN  \\$aY$d20130829
=STA  \\$aSUPPRESSED$bunable to determine reason for suppression
=LAS  \\$aW1711-1225$b00$c20171203$lBLL01$h1053

