=LDR  01753 am a2200445 i 4500
=001  016468854
=003  Uk
=005  20130829114154.0
=006  m\\\\||\\d\|\\\\\\
=007  cr\|||||||||||
=008  130807s2013\\\\enk||||\o\\\\o0||\0|eng\\
=FMT  \\$a  BK
=015  \\$aGBB377831$2bnb
=040  \\$aUk$beng$cUk$erda
=042  \\$aukblsr
=082  04$a362.82920941$223
=245  00$aAdult safeguarding and domestic abuse :$bA guide to support practitioners and managers.
=264  \1$aLondon :$bLocal Government Association,$c[April 2013]
=300  \\$a1 online resource (58 pages)
=336  \\$atext$2rdacontent
=337  \\$acomputer$2rdamedia
=338  \\$aonline resource$2rdacarrier
=500  \\$a"Health, adult social care and ageing."
=588  \\$aDescription based on online resource; title from PDF cover page (viewed on August 29, 2013).
=650  \0$aFamily violence$zGreat Britain.
=650  \0$aVictims of family violence$xServices for$zGreat Britain.
=690  7\$aSocial Welfare$2blcoll
=710  2\$aLocal Government Association (England and Wales),$epublisher.
=710  2\$aAssociation of Directors of Adult Social Services.
=856  40$uhttp://www.local.gov.uk/c/document_library/get_file?uuid=27325734-7521-44cf-a1e7-431a3e1f2ea9&groupId=10171
=859  \\$aELD$bebook
=852  41$aBritish Library$bHMNTS$jELD Digital store
=CAT  \\$a10902$b40$c20130807$lBLL01$h1130
=CAT  \\$a11281$b40$c20130829$lBLL01$h1141
=CAT  \\$aWR14.047$c20140417$lBLL01$h1646
=CAT  \\$aW1611-0868$c20161114$lBLL01$h1415
=CAT  \\$aW1711-1225$c20171203$lBLL01$h1053
=FIN  \\$aY$d20130829
=STA  \\$aSUPPRESSED$bunable to determine reason for suppression
=LAS  \\$aW1711-1225$b00$c20171203$lBLL01$h1053

