=LDR  01689 am a2200433 i 4500
=001  016468905
=003  Uk
=005  20130830090736.0
=006  m\\\\||\\d\|\\\\\\
=007  cr\|||||||||||
=008  130807s2013\\\\enka|||\ob\\\o0||\0|eng\\
=FMT  \\$a  BK
=015  \\$aGBB378180$2bnb
=040  \\$aUk$beng$cUk$erda
=042  \\$aukblsr
=082  04$a362.70941$223
=245  00$aBright futures: local children, local approaches :$bGood practice in children's centres.
=264  \1$aLondon :$bLocal Government Association,$c[May 2013]
=300  \\$a1 online resource (27 pages) :$billustrations (colour)
=336  \\$atext$2rdacontent
=337  \\$acomputer$2rdamedia
=338  \\$aonline resource$2rdacarrier
=504  \\$aIncludes bibliographical references.
=588  \\$aDescription based on online resource; title from PDF cover page (viewed on August 30, 2013).
=650  \0$aChildren$xServices for$zGreat Britain.
=650  \0$aFamily services$zGreat Britain.
=690  7\$aSocial Welfare$2blcoll
=710  2\$aLocal Government Association (England and Wales),$epublisher.
=856  40$uhttp://www.local.gov.uk/c/document_library/get_file?uuid=16a096c4-907a-4089-9fe9-a3d8595900f5&groupId=10171
=859  \\$aELD$bebook
=852  41$aBritish Library$bHMNTS$jELD Digital store
=CAT  \\$a10902$b40$c20130807$lBLL01$h1157
=CAT  \\$a11281$b40$c20130830$lBLL01$h0907
=CAT  \\$aWR14.047$c20140417$lBLL01$h1646
=CAT  \\$aW1611-0868$c20161114$lBLL01$h1415
=CAT  \\$aW1711-1225$c20171203$lBLL01$h1053
=FIN  \\$aY$d20130830
=STA  \\$aSUPPRESSED$bunable to determine reason for suppression
=LAS  \\$aW1711-1225$b00$c20171203$lBLL01$h1053

