=LDR  01933 am a2200505 i 4500
=001  016468956
=003  Uk
=005  20130830105645.0
=006  m\\\\||\\d\|\\\\\\
=007  cr\|||||||||||
=008  130807s2013\\\\enka|||\ob\\\\0||\0|eng\\
=FMT  \\$a  BK
=015  \\$aGBB378198$2bnb
=040  \\$aUk$beng$cUk$erda
=042  \\$aukblsr
=082  04$a361.7630942$223
=100  1\$aClifford, David,$d1981-$eauthor.
=245  10$aMapping the environmental third sector in England /$cDavid Clifford [and five others].
=264  \1$a[Birmingham] :$bThird Sector Research Centre,$cMay 2013.
=300  \\$a1 online resource (33 pages) :$billustrations (black and white).
=336  \\$atext$2rdacontent
=337  \\$acomputer$2rdamedia
=338  \\$aonline resource$2rdacarrier
=490  1\$aWorking paper ;$v98
=504  \\$aIncludes bibliographical references.
=588  \\$aDescription based on online resource; title from PDF cover page (viewed on August 30, 2013).
=650  \0$aNon-governmental organizations$zEngland.
=650  \0$aVoluntarism$zEngland.
=650  \0$aEnvironmentalism$zEngland.
=690  7\$aSocial Welfare$2blcoll
=710  2\$aThird Sector Research Centre,$epublisher.
=830  \0$aWorking paper (Third Sector Research Centre) ;$v98.
=856  40$uhttp://www.tsrc.ac.uk/LinkClick.aspx?fileticket=f7VJb0UmTVw%3d&tabid=500
=859  \\$aELD$bebook
=852  41$aBritish Library$bHMNTS$jELD Digital store
=CAT  \\$a10902$b40$c20130807$lBLL01$h1321
=CAT  \\$a11281$b40$c20130830$lBLL01$h1048
=CAT  \\$a11281$b40$c20130830$lBLL01$h1049
=CAT  \\$a11281$b40$c20130830$lBLL01$h1056
=CAT  \\$aWR14.047$c20140417$lBLL01$h1646
=CAT  \\$aW1611-0868$c20161114$lBLL01$h1415
=CAT  \\$aW1711-1225$c20171203$lBLL01$h1053
=FIN  \\$aY$d20130830
=STA  \\$aSUPPRESSED$bunable to determine reason for suppression
=LAS  \\$aW1711-1225$b00$c20171203$lBLL01$h1053

