=LDR  02143 am a2200529 i 4500
=001  016468961
=003  Uk
=005  20130902134355.0
=006  m\\\\||\\d\|\\\\\\
=007  cr\|||||||||||
=008  130807s2013\\\\enka|||\ob\\\\0||\0|eng\\
=FMT  \\$a  BK
=015  \\$aGBB378216$2bnb
=040  \\$aUk$beng$cUk$erda
=042  \\$aukblsr
=082  04$a361.7630941$223
=100  1\$aTeasdale, Simon,$eauthor.
=245  10$aOil and water rarely mix :$bexploring the relative stability of nonprofit revenue mixes over time /$cSimon Teasdale, Janelle Kerlin, Dennis Young and Jung In Soh.
=264  \1$a[Birmingham] :$bThird Sector Research Centre,$cJune 2013.
=300  \\$a1 online resource (22 pages) :$billustrations (colour).
=336  \\$atext$2rdacontent
=337  \\$acomputer$2rdamedia
=338  \\$aonline resource$2rdacarrier
=490  1\$aWorking paper ;$v99
=504  \\$aIncludes bibliographical references.
=588  \\$aDescription based on online resource; title from PDF cover page (viewed on August 30, 2013).
=650  \0$aNon-governmental organizations$xEconomic aspects$zGreat Britain.
=650  \0$aVoluntarism$xEconomic aspects$zGreat Britain.
=690  7\$aSocial Welfare$2blcoll
=700  1\$aKerlin, Janelle A.,$d1969-$eauthor.
=700  1\$aYoung, Dennis R.,$d1943-$eauthor.
=700  1\$aSoh, Jung In,$eauthor.
=710  2\$aThird Sector Research Centre,$epublisher.
=830  \0$aWorking paper (Third Sector Research Centre) ;$v99.
=856  40$uhttp://www.tsrc.ac.uk/LinkClick.aspx?fileticket=LFNYkFr10Ac%3d&tabid=500
=859  \\$aELD$bebook
=852  41$aBritish Library$bHMNTS$jELD Digital store
=CAT  \\$a10902$b40$c20130807$lBLL01$h1325
=CAT  \\$a11281$b40$c20130830$lBLL01$h1150
=CAT  \\$a7332$b40$c20130902$lBLL01$h1343
=CAT  \\$aWR14.047$c20140417$lBLL01$h1646
=CAT  \\$aW1611-0868$c20161114$lBLL01$h1415
=CAT  \\$aBATCH-UPD$b00$c20161114$lBLL01$h1418
=CAT  \\$aW1711-1225$c20171203$lBLL01$h1053
=FIN  \\$aY$d20130830
=STA  \\$aSUPPRESSED$bunable to determine reason for suppression
=LAS  \\$aW1711-1225$b00$c20171203$lBLL01$h1053

