=LDR  01795 am a2200445 i 4500
=001  016468998
=003  Uk
=005  20130909115727.0
=006  m\\\\||\\d\|\\\\\\
=007  cr\|||||||||||
=008  130807s2013\\\\enka|||\ob\\\\0||\0|eng\\
=FMT  \\$a  BK
=015  \\$aGBB381386$2bnb
=040  \\$aUk$beng$cUk$erda
=042  \\$aukblsr
=082  04$a362.70941$223
=245  00$aPlaying with children's lives :$bIs the benefit cap a lottery for vulnerable children, with no voice and at risk of losing their homes, their schools and their friends?
=264  \1$aWatford :$bAction for Children,$c[2013]
=300  \\$a1 online resource (9 unnumbered pages) :$billustrations (colour)
=336  \\$atext$2rdacontent
=337  \\$acomputer$2rdamedia
=338  \\$aonline resource$2rdacarrier
=504  \\$aIncludes bibliographical references.
=588  \\$aDescription based on online resource; title from PDF cover page (viewed on September 9, 2013).
=650  \0$aPublic welfare$zGreat Britain.
=650  \0$aChildren$zGreat Britain$xEconomic conditions.
=650  \0$aChild welfare$zGreat Britain.
=690  7\$aSocial Welfare$2blcoll
=710  2\$aAction for Children,$eissuing body.
=856  40$uhttp://www.actionforchildren.org.uk/media/6125289/playing-with-childrens-lives-welfare-reform-july-2013.pdf
=859  \\$aELD$bebook
=852  41$aBritish Library$bHMNTS$jELD Digital store
=CAT  \\$a10902$b40$c20130807$lBLL01$h1352
=CAT  \\$a11281$b40$c20130909$lBLL01$h1157
=CAT  \\$aWR14.047$c20140417$lBLL01$h1646
=CAT  \\$aW1611-0868$c20161114$lBLL01$h1415
=CAT  \\$aW1711-1225$c20171203$lBLL01$h1053
=FIN  \\$aY$d20130909
=STA  \\$aSUPPRESSED$bunable to determine reason for suppression
=LAS  \\$aW1711-1225$b00$c20171203$lBLL01$h1053

