=LDR  01862 am a2200457 i 4500
=001  016469014
=003  Uk
=005  20130909134653.0
=006  m\\\\||\\d\|\\\\\\
=007  cr\|||||||||||
=008  130807s2013\\\\enk||||\ob\\\\0||\0|eng\\
=FMT  \\$a  BK
=015  \\$aGBB381408$2bnb
=040  \\$aUk$beng$cUk$erda
=042  \\$aukblsr
=082  04$a362.820941$223
=100  1\$aMcDermid, Samantha,$eauthor.
=245  14$aThe cost effectiveness of Action for Children's Intensive Family Support Services :$bFinal Report /$cSamantha McDermid and Lisa Holmes, Centre for Child and Family Research, Loughborough University.
=264  \1$a[Watford] :$bAction for Children,$cJune 2013.
=300  \\$a1 online resource (57 pages)
=336  \\$atext$2rdacontent
=337  \\$acomputer$2rdamedia
=338  \\$aonline resource$2rdacarrier
=504  \\$aIncludes bibliographical references.
=588  \\$aDescription based on online resource; title from PDF cover page (viewed on September 9, 2013).
=650  \0$aFamilies$xServices for$zGreat Britain.
=690  7\$aSocial Welfare$2blcoll
=700  1\$aHolmes, Lisa,$eauthor.
=710  2\$aAction for Children,$eissuing body.
=710  2\$aLoughborough University.$bCentre for Child and Family Research.
=856  40$uhttp://www.actionforchildren.org.uk/media/6125184/intensive-family-support-cost-effectiveness_full-report.pdf
=859  \\$aELD$bebook
=852  41$aBritish Library$bHMNTS$jELD Digital store
=CAT  \\$a10902$b40$c20130807$lBLL01$h1403
=CAT  \\$a11281$b40$c20130909$lBLL01$h1346
=CAT  \\$aWR14.047$c20140417$lBLL01$h1646
=CAT  \\$aW1611-0868$c20161114$lBLL01$h1415
=CAT  \\$aW1711-1225$c20171203$lBLL01$h1053
=FIN  \\$aY$d20130909
=STA  \\$aSUPPRESSED$bunable to determine reason for suppression
=LAS  \\$aW1711-1225$b00$c20171203$lBLL01$h1053

