=LDR  01796 am a2200445 i 4500
=001  016469073
=003  Uk
=005  20130916141841.0
=006  m\\\\||\\d\|\\\\\\
=007  cr\|||||||||||
=008  130807s2013\\\\enk||||\o\\\\o0||\0|eng\\
=FMT  \\$a  BK
=015  \\$aGBB381413$2bnb
=040  \\$aUk$beng$cUk$erda
=042  \\$aukblsr
=082  04$a362.50830941$223
=245  00$aPublic attitudes towards social mobility and in-work poverty.
=264  \1$aLondon :$bSocial Mobility and Child Poverty Commission,$cJune 2013.
=300  \\$a1 online resource (21 pages) :$billustrations (colour)
=336  \\$atext$2rdacontent
=337  \\$acomputer$2rdamedia
=338  \\$aonline resource$2rdacarrier
=588  \\$aDescription based on online resource; title from PDF cover page (viewed on September 9, 2013).
=650  \0$aSocial mobility$zGreat Britain$xPublic opinion.
=650  \0$aPoor children$zGreat Britain$xPublic opinion.
=650  \0$aWorking poor$zGreat Britain$xPublic opinion.
=690  7\$aSocial Welfare$2blcoll
=710  1\$aGreat Britain.$bSocial Mobility and Child Poverty Commission,$eissuing body.
=856  40$uhttps://www.gov.uk/government/uploads/system/uploads/attachment_data/file/208244/Public_Attitudes_research__SMCP_Commission_.pdf
=859  \\$aELD$bebook
=852  41$aBritish Library$bHMNTS$jELD Digital store
=CAT  \\$a10902$b40$c20130807$lBLL01$h1451
=CAT  \\$a11281$b40$c20130909$lBLL01$h1412
=CAT  \\$a7332$b40$c20130916$lBLL01$h1418
=CAT  \\$aWR14.047$c20140417$lBLL01$h1646
=CAT  \\$aW1611-0868$c20161114$lBLL01$h1415
=CAT  \\$aW1711-1225$c20171203$lBLL01$h1053
=FIN  \\$aY$d20130909
=STA  \\$aSUPPRESSED$bunable to determine reason for suppression
=LAS  \\$aW1711-1225$b00$c20171203$lBLL01$h1053

