=LDR  01735 am a2200457 i 4500
=001  016469125
=003  Uk
=005  20130910081325.0
=006  m\\\\||\\d\|\\\\\\
=007  cr\|||||||||||
=008  130807s2013\\\\enk||||\o\\\\\0||\0|eng\\
=FMT  \\$a  BK
=015  \\$aGBB381576$2bnb
=020  \\$z9781905994649
=040  \\$aUk$beng$cUk$erda
=042  \\$aukblsr
=082  04$a345.410772$223
=245  04$aThe never-ending story :$bIndeterminate sentencing and the prison regime.
=246  30$aIndeterminate sentencing and the prison regime
=264  \1$aLondon :$bThe Howard League for Penal Reform,$c2013.
=300  \\$a1 online resource (6 unnumbered pages).
=336  \\$atext$2rdacontent
=337  \\$acomputer$2rdamedia
=338  \\$aonline resource$2rdacarrier
=490  0\$aResearch briefing
=588  \\$aDescription based on online resource; title from PDF cover page (viewed on September 10, 2013).
=650  \0$aSentences (Criminal procedure)$zGreat Britain.
=650  \0$aPrison sentences$zGreat Britain.
=690  7\$aSocial Welfare$2blcoll
=710  2\$aHoward League for Penal Reform,$eissuing body.
=856  40$uhttp://d19ylpo4aovc7m.cloudfront.net/fileadmin/howard_league/user/online_publications/never-ending_story_IPP.pdf
=859  \\$aELD$bebook
=852  41$aBritish Library$bHMNTS$jELD Digital store
=CAT  \\$a10902$b40$c20130807$lBLL01$h1550
=CAT  \\$a11281$b40$c20130910$lBLL01$h0813
=CAT  \\$aWR14.047$c20140417$lBLL01$h1646
=CAT  \\$aW1611-0868$c20161114$lBLL01$h1415
=CAT  \\$aW1711-1225$c20171203$lBLL01$h1053
=FIN  \\$aY$d20130910
=STA  \\$aSUPPRESSED$bunable to determine reason for suppression
=LAS  \\$aW1711-1225$b00$c20171203$lBLL01$h1053

