=LDR  02238 am a2200517 i 4500
=001  016469168
=003  Uk
=005  20130829140606.0
=006  m\\\\||\\d\|\\\\\\
=007  cr\|||||||||||
=008  130807s2013\\\\wlk\\\\\ob\\\|0|0\0|eng\\
=FMT  \\$a  BK
=015  \\$aGBB372732$2bnb
=020  \\$z9780750494502
=040  \\$aUk$beng$cUk$erda
=042  \\$aukblsr
=082  04$a363.509429$223
=100  1\$aSmith, Robert,$d1954 August 9-$eauthor.
=245  10$aInterim evaluation of the regulatory framework for housing associations in Wales :$ba report commissioned by the Welsh Government on behalf of the Regulatory Board for Wales /$cRobert Smith, Pauline Card, Jacqueline Campbell and Peter Mackie, School of Planning and Geography, Cardiff University, Shelter Cymru.
=264  \1$a[cardiff?] :$bWelsh Government Social Research,$c2013.
=300  \\$a1 online resource (108 pages).
=336  \\$atext$2rdacontent
=337  \\$acomputer$2rdamedia
=338  \\$aonline resource$2rdacarrier
=490  1\$aSocial research ;$vnumber 33/2013
=504  \\$aIncludes bibliographical references.
=588  \\$aDescription based on online resource; title from PDF title page (viewed on August 14, 2013).
=650  \0$aHousing authorities$xLaw and legislation$xWales.
=650  \0$aHousing policy$zWales$xEvaluation.
=700  1\$aCard, Pauline,$eauthor.
=700  1\$aCampbell, Jacqueline,$eauthor.
=700  1\$aMackie, Peter,$eauthor.
=710  1\$aWales.$bSocial Research Division.
=830  \0$aSocial research (Wales. Social Research Division) ;$vnumber 33/2013.
=856  40$uhttp://wales.gov.uk/docs/caecd/research/130619-interim-evaluation-regulatory-framework-housing-associations-en.pdf
=859  \\$aELD$bebook
=852  41$aBritish Library$bHMNTS$jELD Digital store
=CAT  \\$a12664$b40$c20130807$lBLL01$h1633
=CAT  \\$a8141$b40$c20130814$lBLL01$h1302
=CAT  \\$a7332$b40$c20130829$lBLL01$h1406
=CAT  \\$aWR14.047$c20140417$lBLL01$h1646
=CAT  \\$aW1611-0868$c20161114$lBLL01$h1415
=CAT  \\$aW1711-1225$c20171203$lBLL01$h1053
=FIN  \\$aY$d20130814
=STA  \\$aSUPPRESSED$bunable to determine reason for suppression
=LAS  \\$aW1711-1225$b00$c20171203$lBLL01$h1053

