=LDR  01984 am a2200493 i 4500
=001  016469176
=003  Uk
=005  20130830090632.0
=006  m\\\\||\\d\|\\\\\\
=007  cr\|||||||||||
=008  130807s2013\\\\wlka\\\\ob\\\|0|0\0|eng\\
=FMT  \\$a  BK
=015  \\$aGBB372742$2bnb
=040  \\$aUk$beng$cUk$erda
=042  \\$aukblsr
=082  04$a307.140609429$223
=100  1\$aThomas, Meirion,$d1954-$eauthor.
=245  12$aA value for money review of the Welsh Governments core funding arrangements for social enterprise development :$bDevelopment Trusts Association Wales /$cMeirion Thomas and Eva Trier.
=264  \1$a[Cardiff] :$bWelsh Government,$c[2013?]
=300  \\$a1 online resource (iv, 37 pages) :$billustrations (colour)
=336  \\$atext$2rdacontent
=337  \\$acomputer$2rdamedia
=338  \\$aonline resource$2rdacarrier
=504  \\$aIncludes bibliographical references.
=588  \\$aDescription based on online resource; title from PDF title page (viewed on August 14, 2013).
=610  20$aDevelopment Trusts Association Wales$xEvaluation.
=610  20$aDevelopment Trusts Association Wales$xFinance.
=650  \0$aCommunity development$zWales.
=650  \0$aGovernment aid$zWales$xCost effectiveness.
=700  1\$aTrier, Eva,$eauthor.
=710  1\$aWales.$bWelsh Government,$eissuing body.
=856  40$uhttp://wales.gov.uk/docs/det/publications/130711wg19131en.pdf
=859  \\$aELD$bebook
=852  41$aBritish Library$bHMNTS$jELD Digital store
=CAT  \\$a12664$b40$c20130807$lBLL01$h1642
=CAT  \\$a12664$b40$c20130807$lBLL01$h1643
=CAT  \\$a8141$b40$c20130814$lBLL01$h1433
=CAT  \\$a7332$b40$c20130830$lBLL01$h0906
=CAT  \\$aWR14.047$c20140417$lBLL01$h1646
=CAT  \\$aW1611-0868$c20161114$lBLL01$h1415
=CAT  \\$aW1711-1225$c20171203$lBLL01$h1053
=FIN  \\$aY$d20130814
=STA  \\$aSUPPRESSED$bunable to determine reason for suppression
=LAS  \\$aW1711-1225$b00$c20171203$lBLL01$h1053

