=LDR  01809 am a2200481 i 4500
=001  016469180
=003  Uk
=005  20130816100037.0
=006  m\\\\||\\d\|\\\\\\
=007  cr\|||||||||||
=008  130807s2013\\\\wlk\\\\\ob\\\|0|0\0|eng\\
=FMT  \\$a  BK
=015  \\$aGBB372856$2bnb
=020  \\$z9780750496780
=040  \\$aUk$beng$cUk$erda
=042  \\$aukblsr
=082  04$a361.109429$223
=110  1\$aWales.$bWelsh Government,$eauthor.
=245  10$aDelivering safe care, compassionate care :$blearning for Wales from the report of the Mid Staffordshire NHS Foundation Trust public inquiry.
=264  \1$aCardiff :$bWelsh Government,$cJuly 2013.
=300  \\$a1 online resource (24 pages)
=336  \\$atext$2rdacontent
=337  \\$acomputer$2rdamedia
=338  \\$aonline resource$2rdacarrier
=500  \\$a"WG18905."
=504  \\$aIncludes bibliographical references.
=588  \\$aDescription based on online resource; title from PDF cover page (viewed on August 16, 2013).
=650  \0$aNational health services$zWales$xStandards.
=650  \0$aNational health services$zWales$xQuality control.
=650  \0$aHealth services administration$zWales.
=650  \0$aMedical care$zWales$xStandards.
=650  \0$aPatients$xCare$zWales.
=856  40$uhttp://wales.gov.uk/docs/dhss/report/130710safecarefen.pdf
=859  \\$aELD$bebook
=852  41$aBritish Library$bHMNTS$jELD Digital store
=CAT  \\$a12664$b40$c20130807$lBLL01$h1646
=CAT  \\$a8141$b40$c20130816$lBLL01$h1000
=CAT  \\$aWR14.047$c20140417$lBLL01$h1646
=CAT  \\$aW1611-0868$c20161114$lBLL01$h1415
=CAT  \\$aW1711-1225$c20171203$lBLL01$h1053
=FIN  \\$aY$d20130816
=STA  \\$aSUPPRESSED$bunable to determine reason for suppression
=LAS  \\$aW1711-1225$b00$c20171203$lBLL01$h1053

