=LDR  01718 am a2200469 i 4500
=001  016469184
=003  Uk
=005  20130816113437.0
=006  m\\\\||\\d\|\\\\\\
=007  cr\|||||||||||
=008  130807s2013\\\\wlka\\\\ob\\\|0|0\0|eng\\
=FMT  \\$a  BK
=015  \\$aGBB372868$2bnb
=020  \\$z9780750494205
=040  \\$aUk$beng$cUk$erda
=042  \\$aukblsr
=082  04$a379.429$223
=110  1\$aWales.$bWelsh Government,$eauthor.
=245  10$aPost-16 planning and funding review :$bfinal report.
=264  \1$aCardiff :$bWelsh Government,$c[2013]
=300  \\$a1 online resource (31 pages) :$billustrations (black and white, and colour)
=336  \\$atext$2rdacontent
=337  \\$acomputer$2rdamedia
=338  \\$aonline resource$2rdacarrier
=500  \\$a"WG18637."
=504  \\$aIncludes bibliographical references.
=588  \\$aDescription based on online resource; title from PDF cover page (viewed on August 16, 2013).
=650  \0$aEducation and state$zWales.
=650  \0$aEducational planning$zWales.
=650  \0$aPost-compulsory education$zWales$xFinance.
=650  \0$aPostsecondary education$zWales$xFinance.
=856  40$uhttp://wales.gov.uk/docs/dcells/publications/130510-post16-final-report-en.pdf
=859  \\$aELD$bebook
=852  41$aBritish Library$bHMNTS$jELD Digital store
=CAT  \\$a12664$b40$c20130807$lBLL01$h1649
=CAT  \\$a8141$b40$c20130816$lBLL01$h1134
=CAT  \\$aWR14.047$c20140417$lBLL01$h1646
=CAT  \\$aW1611-0868$c20161114$lBLL01$h1415
=CAT  \\$aW1711-1225$c20171203$lBLL01$h1053
=FIN  \\$aY$d20130816
=STA  \\$aSUPPRESSED$bunable to determine reason for suppression
=LAS  \\$aW1711-1225$b00$c20171203$lBLL01$h1053

