=LDR  01936 am a2200493 i 4500
=001  016469187
=003  Uk
=005  20130829151834.0
=006  m\\\\||\\d\|\\\\\\
=007  cr\|||||||||||
=008  130807s2013\\\\wlka\\\\ob\\\|0|0\0|eng\\
=FMT  \\$a  BK
=015  \\$aGBB372875$2bnb
=020  \\$z9780750495127
=040  \\$aUk$beng$cUk$erda
=042  \\$aukblsr
=082  04$a362.828609429$223
=100  1\$aKendall, Sally,$d1966-$eauthor.
=245  10$aReview of parenting support for Flying Start /$cYork Consulting, Sally Kendall, Interface Associates, Julia Moller.
=264  \1$aCardiff :$bWelsh Government Social Research,$c2013.
=300  \\$a1 online resource (153 pages) :$billustrations (colour).
=336  \\$atext$2rdacontent
=337  \\$acomputer$2rdamedia
=338  \\$aonline resource$2rdacarrier
=490  1\$aSocial research ;$vnumber 31/2013
=504  \\$aIncludes bibliographical references.
=588  \\$aDescription based on online resource; title from PDF title page (viewed on August 16, 2013).
=650  \0$aParents$xServices for$zWales.
=650  \0$aParent and child$zWales.
=700  1\$aMoller, Julia,$eauthor.
=710  1\$aWales.$bSocial Research Division,$eissuing body.
=830  \0$aSocial research (Wales. Social Research Division) ;$vnumber 31/2013.
=856  40$uhttp://wales.gov.uk/docs/caecd/research/130529-review-parenting-support-flying-start-en.pdf
=859  \\$aELD$bebook
=852  41$aBritish Library$bHMNTS$jELD Digital store
=CAT  \\$a12664$b40$c20130807$lBLL01$h1652
=CAT  \\$a8141$b40$c20130816$lBLL01$h1258
=CAT  \\$a7332$b40$c20130829$lBLL01$h1518
=CAT  \\$aWR14.047$c20140417$lBLL01$h1646
=CAT  \\$aW1611-0868$c20161114$lBLL01$h1415
=CAT  \\$aW1711-1225$c20171203$lBLL01$h1053
=FIN  \\$aY$d20130816
=STA  \\$aSUPPRESSED$bunable to determine reason for suppression
=LAS  \\$aW1711-1225$b00$c20171203$lBLL01$h1053

