=LDR  01927 am a2200493 i 4500
=001  016469191
=003  Uk
=005  20130819082100.0
=006  m\\\\||\\d\|\\\\\\
=007  cr\|||||||||||
=008  130807s2013\\\\wlk\\\\\ob\\\|0|0\0|eng\\
=FMT  \\$a  BK
=015  \\$aGBB372893$2bnb
=020  \\$z9780750494250
=040  \\$aUk$beng$cUk$erda
=042  \\$aukblsr
=082  04$a344.429075$223
=110  1\$aWales.$bWelsh Government,$eauthor.
=245  10$aStatutory guidance to the governing bodies of maintained schools in Wales regarding the duty to hold meetings with parents.
=264  \1$aCardiff :$bWelsh Government,$cMay 2013.
=300  \\$a1 online resource (20 pages).
=336  \\$atext$2rdacontent
=337  \\$acomputer$2rdamedia
=338  \\$aonline resource$2rdacarrier
=490  1\$aGuidance document ;$vno. 104/2013
=500  \\$a"WG18575."
=504  \\$aIncludes bibliographical references.
=588  \\$aDescription based on online resource; title from PDF cover page (viewed on August 19, 2013).
=650  \0$aSchool boards$xLaw and legislation$zWales.
=650  \0$aSchool management and organization$xParent participation$zWales.
=650  \0$aParents$xLegal status, laws, etc.$zWales.
=650  \0$aMeetings$zWales$xManagement.
=830  \0$aGuidance note (Wales. Welsh Government) ;$vno. 104/2013.
=856  40$uhttp://wales.gov.uk/docs/dcells/publications/130503-statutory-guidance-parents-meetings-en.pdff
=859  \\$aELD$bebook
=852  41$aBritish Library$bHMNTS$jELD Digital store
=CAT  \\$a12664$b40$c20130807$lBLL01$h1654
=CAT  \\$a8141$b40$c20130819$lBLL01$h0821
=CAT  \\$aWR14.047$c20140417$lBLL01$h1646
=CAT  \\$aW1611-0868$c20161114$lBLL01$h1415
=CAT  \\$aW1711-1225$c20171203$lBLL01$h1053
=FIN  \\$aY$d20130819
=STA  \\$aSUPPRESSED$bunable to determine reason for suppression
=LAS  \\$aW1711-1225$b00$c20171203$lBLL01$h1053

