=LDR  01740 am a2200457 i 4500
=001  016470945
=003  Uk
=005  20130910084700.0
=006  m\\\\||\\d\|\\\\\\
=007  cr\|||||||||||
=008  130812s2013\\\\enka|||\ob\\\\0||\0|eng\\
=FMT  \\$a  BK
=015  \\$aGBB381579$2bnb
=040  \\$aUk$beng$cUk$erda
=042  \\$aukblsr
=082  04$a362.760941$223
=100  1\$aSmeaton, Emilie,$eauthor.
=245  10$aRunning from hate to what you think is love :$bThe relationship between running away and child sexual exploitation /$cEmilie Smeaton.
=264  \1$aIlford :$bBarnardo's,$c[2013]
=300  \\$a1 online resource (120 pages) :$billustrations (colour)
=336  \\$atext$2rdacontent
=337  \\$acomputer$2rdamedia
=338  \\$aonline resource$2rdacarrier
=504  \\$aIncludes bibliographical references.
=588  \\$aDescription based on online resource; title from PDF cover page (viewed on September 10, 2013).
=650  \0$aChild sexual abuse$zGreat Britain.
=650  \0$aRunaway children$zGreat Britain.
=650  \0$aRunaway teenagers$zGreat Britain.
=690  7\$aSocial Welfare$2blcoll
=710  2\$aBarnardo's (Organization),$epublisher.
=856  40$uhttp://www.barnardos.org.uk/15505_cse_running_from_hate_2l_web.pdf
=859  \\$aELD$bebook
=852  41$aBritish Library$bHMNTS$jELD Digital store
=CAT  \\$a10902$b40$c20130812$lBLL01$h0904
=CAT  \\$a11281$b40$c20130910$lBLL01$h0847
=CAT  \\$aWR14.047$c20140417$lBLL01$h1646
=CAT  \\$aW1611-0868$c20161114$lBLL01$h1415
=CAT  \\$aW1711-1225$c20171203$lBLL01$h1053
=FIN  \\$aY$d20130910
=STA  \\$aSUPPRESSED$bunable to determine reason for suppression
=LAS  \\$aW1711-1225$b00$c20171203$lBLL01$h1053

