=LDR  01009 am a22002893i 4500
=001  016470950
=003  Uk
=005  20130812091602.0
=006  m\\\\||\\d\|\\\\\\
=007  cr\|||||||||||
=008  130812s\\\\\\\\enk\\\\\o\\\\\0|0\0|eng\\
=FMT  \\$a  BK
=245  \3$aAn evaluation of the Keighley Choices Programme :$bOctober 2011 - March 2012.
=264  \1$bBarnardo's.
=336  \\$atext$2rdacontent
=337  \\$acomputer$2rdamedia
=338  \\$aonline resource$2rdacarrier
=690  7\$aSocial Welfare$2blcoll
=856  40$uhttp://www.barnardos.org.uk/barnardos-and-homeoffice-choices-evaluation-report2012.pdf
=859  \\$aELD$bebook
=852  41$aBritish Library$bHMNTS$jELD Digital store
=CAT  \\$a10902$b40$c20130812$lBLL01$h0916
=CAT  \\$aWR14.047$c20140417$lBLL01$h1646
=CAT  \\$aW1611-0868$c20161114$lBLL01$h1415
=CAT  \\$aW1711-1225$c20171203$lBLL01$h1053
=STA  \\$aSUPPRESSED$bunable to determine reason for suppression
=LAS  \\$aW1711-1225$b00$c20171203$lBLL01$h1053

