=LDR  01097 am a22002893i 4500
=001  016470984
=003  Uk
=005  20130812103314.0
=006  m\\\\||\\d\|\\\\\\
=007  cr\|||||||||||
=008  130812s2013\\\\enk\\\\\o\\\\\0|0\0|eng\\
=FMT  \\$a  BK
=245  \2$aA good education for all: inspection of local authority services :$bA report on the responses to consultation.
=264  \1$aManchester :$bOfsted,$c2013.
=336  \\$atext$2rdacontent
=337  \\$acomputer$2rdamedia
=338  \\$aonline resource$2rdacarrier
=690  7\$aSocial Welfare$2blcoll
=856  4\$uhttp://www.ofsted.gov.uk/resources/good-education-for-all-inspection-of-local-authority-services-report-responses-consultation
=859  \\$aELD$bebook
=852  41$aBritish Library$bHMNTS$jELD Digital store
=CAT  \\$a10902$b40$c20130812$lBLL01$h1033
=CAT  \\$aWR14.047$c20140417$lBLL01$h1646
=CAT  \\$aW1611-0868$c20161114$lBLL01$h1415
=CAT  \\$aW1711-1225$c20171203$lBLL01$h1053
=STA  \\$aSUPPRESSED$bunable to determine reason for suppression
=LAS  \\$aW1711-1225$b00$c20171203$lBLL01$h1053

