=LDR  01858 am a2200493 i 4500
=001  016471002
=003  Uk
=005  20130910090845.0
=006  m\\\\||\\d\|\\\\\\
=007  cr\|||||||||||
=008  130812s2013\\\\enka|||\ob\\\\0||\0|eng\\
=FMT  \\$a  BK
=015  \\$aGBB381582$2bnb
=040  \\$aUk$beng$cUk$erda
=042  \\$aukblsr
=082  04$a305.260941$223
=100  1\$aHarries, Ellen,$eauthor.
=245  10$aWho will love me, when I'm 64? :$bThe importance of relationships in later life /$cEllen Harries and Lucy de Las Casas.
=246  30$aImportance of relationships in later life
=264  \1$aLondon :$bNew Philanthropy Capital,$cJune 2013.
=300  \\$a1 online resource (40 pages) :$billustrations (colour)
=336  \\$atext$2rdacontent
=337  \\$acomputer$2rdamedia
=338  \\$aonline resource$2rdacarrier
=504  \\$aIncludes bibliographical references.
=588  \\$aDescription based on online resource; title from PDF cover page (viewed on September 10, 2013).
=650  \0$aFamily$zGreat Britain.
=650  \0$aMarriage$zGreat Britain.
=650  \0$aOlder people$zGreat Britain.
=690  7\$aSocial Welfare$2blcoll
=700  1\$aDe Las Casas, Lucy,$eauthor.
=710  2\$aNew Philanthropy Capital,$epublisher.
=710  2\$aRelate (Organization)
=856  4\$uhttp://www.thinknpc.org/publications/who-will-love-me-when-im-65/
=859  \\$aELD$bebook
=852  41$aBritish Library$bHMNTS$jELD Digital store
=CAT  \\$a10902$b40$c20130812$lBLL01$h1057
=CAT  \\$a11281$b40$c20130910$lBLL01$h0908
=CAT  \\$aWR14.047$c20140417$lBLL01$h1646
=CAT  \\$aW1611-0868$c20161114$lBLL01$h1415
=CAT  \\$aW1711-1225$c20171203$lBLL01$h1053
=FIN  \\$aY$d20130910
=STA  \\$aSUPPRESSED$bunable to determine reason for suppression
=LAS  \\$aW1711-1225$b00$c20171203$lBLL01$h1053

