=LDR  02056 am a2200493 i 4500
=001  016471099
=003  Uk
=005  20130910104635.0
=006  m\\\\||\\d\|\\\\\\
=007  cr\|||||||||||
=008  130812s2013\\\\enk||||\ob\\\\0||\0|eng\\
=FMT  \\$a  BK
=015  \\$aGBB381589$2bnb
=040  \\$aUk$beng$cUk$erda
=042  \\$aukblsr
=082  04$a305.260941$223
=100  1\$aCallan, Samantha,$eauthor.
=245  10$aStrengthening relationships to prevent isolation and loneliness in old age /$cDr Samantha Callan of the Centre for Social Justice.
=264  \1$a[London] :$bCentre for Social Justice,$cJune 2013.
=300  \\$a1 online resource (20 pages)
=336  \\$atext$2rdacontent
=337  \\$acomputer$2rdamedia
=338  \\$aonline resource$2rdacarrier
=500  \\$a"The Hanover @ 50 debate; no. 8 in a series of 9 think pieces from leading UK think tanks to mark Hanover's 50th year of providing high quality housing and related services for older people."
=504  \\$aIncludes bibliographical references.
=588  \\$aDescription based on online resource; title from PDF cover page (viewed on September 10, 2013).
=650  \0$aFamily$zGreat Britain.
=650  \0$aMarriage$zGreat Britain.
=650  \0$aOlder people$zGreat Britain.
=690  7\$aSocial Welfare$2blcoll
=710  2\$aCentre for Social Justice (Great Britain),$epublisher.
=710  2\$aHanover Housing Association.
=856  40$uhttp://www.centreforsocialjustice.org.uk/UserStorage/pdf/Pdf%20reports/CSJ-full-think-piece.pdf
=859  \\$aELD$bebook
=852  41$aBritish Library$bHMNTS$jELD Digital store
=CAT  \\$a10902$b40$c20130812$lBLL01$h1304
=CAT  \\$a11281$b40$c20130910$lBLL01$h0940
=CAT  \\$a11281$b40$c20130910$lBLL01$h1046
=CAT  \\$aWR14.047$c20140417$lBLL01$h1646
=CAT  \\$aW1611-0868$c20161114$lBLL01$h1415
=CAT  \\$aW1711-1225$c20171203$lBLL01$h1053
=FIN  \\$aY$d20130910
=STA  \\$aSUPPRESSED$bunable to determine reason for suppression
=LAS  \\$aW1711-1225$b00$c20171203$lBLL01$h1053

