=LDR  01689 am a2200445 i 4500
=001  016471101
=003  Uk
=005  20130910103752.0
=006  m\\\\||\\d\|\\\\\\
=007  cr\|||||||||||
=008  130812s2013\\\\enka|||\ob\\\\0||\0|eng\\
=FMT  \\$a  BK
=015  \\$aGBB381596$2bnb
=020  \\$z9780957358744
=040  \\$aUk$beng$cUk$erda
=042  \\$aukblsr
=082  04$a331.13770941$223
=110  2\$aCentre for Social Justice (Great Britain),$eauthor.
=245  10$aUP TO THE JOB? :$bHow reforming Jobcentre Plus will help tackle worklessness.
=264  \1$aLondon :$bCentre for Social Justice,$cJuly 2013.
=300  \\$a1 online resource (39 pages) :$billustrations (colour)
=336  \\$atext$2rdacontent
=337  \\$acomputer$2rdamedia
=338  \\$aonline resource$2rdacarrier
=500  \\$a"Breakthrough Britain II."
=504  \\$aIncludes bibliographical references.
=588  \\$aDescription based on online resource; title from PDF cover page (viewed on September 10, 2013).
=610  20$aJobcentre Plus (Agency : Great Britain)$xEvaluation.
=690  7\$aSocial Welfare$2blcoll
=856  40$uhttp://www.centreforsocialjustice.org.uk/UserStorage/pdf/Pdf%20reports/Up-to-the-Job.pdf
=859  \\$aELD$bebook
=852  41$aBritish Library$bHMNTS$jELD Digital store
=CAT  \\$a10902$b40$c20130812$lBLL01$h1309
=CAT  \\$a11281$b40$c20130910$lBLL01$h1037
=CAT  \\$aWR14.047$c20140417$lBLL01$h1646
=CAT  \\$aW1611-0868$c20161114$lBLL01$h1415
=CAT  \\$aW1711-1225$c20171203$lBLL01$h1053
=FIN  \\$aY$d20130910
=STA  \\$aSUPPRESSED$bunable to determine reason for suppression
=LAS  \\$aW1711-1225$b00$c20171203$lBLL01$h1053

