=LDR  01903 am a2200481 i 4500
=001  016471124
=003  Uk
=005  20130910115139.0
=006  m\\\\||\\d\|\\\\\\
=007  cr\|||||||||||
=008  130812s2013\\\\stka|||\ob\\\\0||\0|eng\\
=FMT  \\$a  BK
=015  \\$aGBB381616$2bnb
=020  \\$z9781909447035
=040  \\$aUk$beng$cUk$erda
=042  \\$aukblsr
=082  04$a352.14$223
=100  1\$aWallace, Jennifer,$d1979-$eauthor.
=245  10$aWeathering the storm? :$bA look at small countries' public services in times of austerity : A Rapid Review /$cJennifer Wallace, Megan Mathias and Jenny Brotchie.
=264  \1$aDunfermline :$bCarnegie UK Trust,$c2013.
=300  \\$a1 online resource (48 pages) :$billustrations (black and white, and colour)
=336  \\$atext$2rdacontent
=337  \\$acomputer$2rdamedia
=338  \\$aonline resource$2rdacarrier
=504  \\$aIncludes bibliographical references.
=588  \\$aDescription based on online resource; title from PDF cover page (viewed on September 10, 2013).
=650  \0$aMunicipal services$xEconomic aspects.
=650  \0$aMunicipal services$xFinance.
=690  7\$aSocial Welfare$2blcoll
=700  1\$aMathias, Megan,$eauthor.
=700  1\$aBrotchie, Jenny,$eauthor.
=710  2\$aCarnegie United Kingdom Trust,$epublisher.
=856  40$uhttp://www.carnegieuktrust.org.uk/CMSPages/GetFile.aspx?guid=9a28dc44-4c41-4dc6-9e02-fd40749cdc7a
=859  \\$aELD$bebook
=852  41$aBritish Library$bHMNTS$jELD Digital store
=CAT  \\$a10902$b40$c20130812$lBLL01$h1339
=CAT  \\$a11281$b40$c20130910$lBLL01$h1151
=CAT  \\$aWR14.047$c20140417$lBLL01$h1646
=CAT  \\$aW1611-0868$c20161114$lBLL01$h1415
=CAT  \\$aW1711-1225$c20171203$lBLL01$h1053
=FIN  \\$aY$d20130910
=STA  \\$aSUPPRESSED$bunable to determine reason for suppression
=LAS  \\$aW1711-1225$b00$c20171203$lBLL01$h1053

