=LDR  01179 am a22002893i 4500
=001  016471166
=003  Uk
=005  20130812141627.0
=006  m\\\\||\\d\|\\\\\\
=007  cr\|||||||||||
=008  130812s2013\\\\enk\\\\\o\\\\\0|0\0|eng\\
=FMT  \\$a  BK
=245  \0$aHealth and social care services for older male adults in prison :$bthe identification of current service provision and piloting of an assessment and care planning model.
=264  \1$bNational Institute for Health Research,$c2013.
=336  \\$atext$2rdacontent
=337  \\$acomputer$2rdamedia
=338  \\$aonline resource$2rdacarrier
=490  0\$aHEALTH SERVICES AND DELIVERY RESEARCH ;$vVolume 1 Issue 5
=856  40$uhttp://www.journalslibrary.nihr.ac.uk/__data/assets/pdf_file/0008/76562/FullReport-hsdr01050.pdf
=859  \\$aELD$bebook
=852  41$aBritish Library$bHMNTS$jELD Digital store
=CAT  \\$a10902$b40$c20130812$lBLL01$h1416
=CAT  \\$aWR14.047$c20140417$lBLL01$h1646
=CAT  \\$aW1611-0868$c20161114$lBLL01$h1415
=CAT  \\$aW1711-1225$c20171203$lBLL01$h1053
=STA  \\$aSUPPRESSED$bunable to determine reason for suppression
=LAS  \\$aW1711-1225$b00$c20171203$lBLL01$h1053

