=LDR  01489 am a2200409 i 4500
=001  016471587
=003  Uk
=005  20130819090346.0
=006  m\\\\||\\d\|\\\\\\
=007  cr\|||||||||||
=008  130813s2013\\\\enka\\\\o\\\\\0|0\0|eng\\
=FMT  \\$a  BK
=015  \\$aGBB372899$2bnb
=040  \\$aUk$beng$cUk$erda
=042  \\$aukblsr
=082  04$a333.338209421$223
=110  2\$aCB Richard Ellis,$eauthor.
=245  10$aLondon penthouses :$bthe pinnacle of prime property.
=264  \1$aLondon :$bCBRE,$c[2013?]
=300  \\$a1 online resource (10 pages) :$billustrations (colour)
=336  \\$atext$2rdacontent
=337  \\$acomputer$2rdamedia
=338  \\$aonline resource$2rdacarrier
=588  \\$aDescription based on online resource; title from PDF cover page (viewed on August 19, 2013).
=650  \0$aPenthouses$xValuation$zEngland$zLondon.
=650  \0$aPenthouses$zEngland$zLondon.
=856  40$uhttp://portal.cbre.eu/portal/page/portal/RRP/ResearchReportPublicFiles/CBRE_Penthouses_Feature.pdf
=859  \\$aELD$bebook
=852  41$aBritish Library$bHMNTS$jELD Digital store
=CAT  \\$a12664$b40$c20130813$lBLL01$h1157
=CAT  \\$a8141$b40$c20130819$lBLL01$h0903
=CAT  \\$aWR14.047$c20140417$lBLL01$h1646
=CAT  \\$aW1611-0868$c20161114$lBLL01$h1415
=CAT  \\$aW1711-1225$c20171203$lBLL01$h1053
=FIN  \\$aY$d20130819
=STA  \\$aSUPPRESSED$bunable to determine reason for suppression
=LAS  \\$aW1711-1225$b00$c20171203$lBLL01$h1053

