=LDR  01983 am a2200505 i 4500
=001  016471672
=003  Uk
=005  20130820105038.0
=006  m\\\\||\\d\|\\\\\\
=007  cr\|||||||||||
=008  130813s2013\\\\enk\\\\\o\\\\|0|0\0|eng\\
=FMT  \\$a  BK
=015  \\$aGBB373213$2bnb
=040  \\$aUk$beng$cUk$erda
=042  \\$aukblsr
=082  04$a344.420541$223
=110  1\$aGreat Britain.$bHome Office,$eauthor.
=245  10$aAmended guidance issued under section 182 of the Licensing Act 2003.
=264  \1$a[London] :$bPublished by the Department for Culture, Media & Sport on behalf of the Home Office,$cJune 2013.
=300  \\$a1 online resource (110 pages)
=336  \\$atext$2rdacontent
=337  \\$acomputer$2rdamedia
=338  \\$aonline resource$2rdacarrier
=500  \\$a"Presented to Parliament pursuant to Section 182(4) of the Licensing Act 2003."
=588  \\$aDescription based on online resource; title from PDF title page (viewed on August 20, 2013).
=610  10$aGreat Britain.$tLicensing Act 2003.
=650  \0$aLicense system$zEngland.
=650  \0$aLicense system$zWales.
=650  \0$aLiquor laws$zEngland.
=650  \0$aLiquor laws$zWales.
=650  \0$aLicenses$zEngland.
=650  \0$aLicenses$zWales.
=690  7\$aSocial Welfare$2blcoll
=710  1\$aGreat Britain.$bDepartment for Culture, Media and Sport,$eissuing body.
=856  40$uhttps://www.gov.uk/government/uploads/system/uploads/attachment_data/file/209526/1167-A_Licensing_Act_2003_2_.pdf
=859  \\$aELD$bebook
=852  41$aBritish Library$bHMNTS$jELD Digital store
=CAT  \\$a12664$b40$c20130813$lBLL01$h1347
=CAT  \\$a8141$b40$c20130820$lBLL01$h1050
=CAT  \\$aWR14.047$c20140417$lBLL01$h1646
=CAT  \\$aW1611-0868$c20161114$lBLL01$h1415
=CAT  \\$aW1711-1225$c20171203$lBLL01$h1053
=FIN  \\$aY$d20130820
=STA  \\$aSUPPRESSED$bunable to determine reason for suppression
=LAS  \\$aW1711-1225$b00$c20171203$lBLL01$h1053

