=LDR  02503 am a2200589 i 4500
=001  016471679
=003  Uk
=005  20130828135025.0
=006  m\\\\||\\d\|\\\\\\
=007  cr\|||||||||||
=008  130813s2013\\\\enkab\\\ob\\\|0|0\0|eng\\
=FMT  \\$a  BK
=015  \\$aGBB373245$2bnb
=020  \\$z9781782461319
=040  \\$aUk$beng$cUk$erda
=042  \\$aukblsr
=082  04$a304.842$223
=100  1\$aPoppleton, Sarah,$eauthor.
=245  10$aSocial and public service impacts of international migration at the local level /$cSarah Poppleton, Kate Hitchcock, Kitty Lymperopoulou, Jon Simmons, Rebecca Gillespie.
=264  \1$a[London] :$bHome Office,$cJuly 2013.
=300  \\$a1 online resource (58 pages) :$billustrations (colour), maps (colour).
=336  \\$atext$2rdacontent
=337  \\$acomputer$2rdamedia
=338  \\$aonline resource$2rdacarrier
=490  1\$aResearch report,$x1756-3666 ;$v72
=504  \\$aIncludes bibliographical references.
=588  \\$aDescription based on online resource; title from PDF cover page (viewed on August 20, 2013).
=651  \0$aEngland$xEmigration and immigration$xRegional disparities.
=651  \0$aEngland$xEmigration and immigration$xRegional disparities$vStatistics.
=651  \0$aWales$xEmigration and immigration$xRegional disparities.
=651  \0$aWales$xEmigration and immigration$xRegional disparities$vStatistics.
=651  \0$aEngland$xEmigration and immigration$xSocial aspects.
=651  \0$aWales$xEmigration and immigration$xSocial aspects.
=690  7\$aSocial Welfare$2blcoll
=700  1\$aHitchcock, Kate,$eauthor.
=700  1\$aLymperopoulou, Kitty,$eauthor.
=700  1\$aSimmons, Jon,$d1965-$eauthor.
=700  1\$aGillespie, Rebecca,$eauthor.
=710  1\$aGreat Britain.$bHome Office,$eissuing body.
=830  \0$aResearch report (Great Britain. Home Office) ;$v72.
=856  40$uhttps://www.gov.uk/government/uploads/system/uploads/attachment_data/file/210324/horr72.pdf
=859  \\$aELD$bebook
=852  41$aBritish Library$bHMNTS$jELD Digital store
=CAT  \\$a12664$b40$c20130813$lBLL01$h1349
=CAT  \\$a8141$b40$c20130820$lBLL01$h1202
=CAT  \\$a7332$b40$c20130828$lBLL01$h1350
=CAT  \\$aWR14.047$c20140417$lBLL01$h1646
=CAT  \\$aW1611-0868$c20161114$lBLL01$h1415
=CAT  \\$aW1711-1225$c20171203$lBLL01$h1053
=FIN  \\$aY$d20130820
=STA  \\$aSUPPRESSED$bunable to determine reason for suppression
=LAS  \\$aW1711-1225$b00$c20171203$lBLL01$h1053

