=LDR  01770 am a2200481 i 4500
=001  016471691
=003  Uk
=005  20130816150241.0
=006  m\\\\||\\d\|\\\\\\
=007  cr\|||||||||||
=008  130813s2013\\\\enk\\\\\o\\\\|0|0\0|eng\\
=FMT  \\$a  BK
=015  \\$aGBB372885$2bnb
=020  \\$z9781782461586
=040  \\$aUk$beng$cUk$erda
=042  \\$aukblsr
=082  04$a363.230942$223
=110  1\$aGreat Britain.$bHome Office,$eauthor.
=245  12$aA consultation on police powers of stop and search.
=264  \1$a[London] :$bHome Office,$cJuly 2013.
=300  \\$a1 online resource (17 pages)
=336  \\$atext$2rdacontent
=337  \\$acomputer$2rdamedia
=338  \\$aonline resource$2rdacarrier
=588  \\$aDescription based on online resource; title from PDF cover page (viewed on August 16, 2013).
=650  \0$aSearches and seizures$zEngland.
=650  \0$aSearches and seizures$zWales.
=650  \0$aPolice patrol$zEngland$xField interrogation.
=650  \0$aPolice patrol$zWales$xField interrogation.
=650  \0$aPolice power$zEngland.
=650  \0$aPolice power$zWales.
=690  7\$aSocial Welfare$2blcoll
=856  40$uhttps://www.gov.uk/government/uploads/system/uploads/attachment_data/file/212014/Stop_and_Search_consultation_Revised_WEB_v2.pdf
=859  \\$aELD$bebook
=852  41$aBritish Library$bHMNTS$jELD Digital store
=CAT  \\$a12664$b40$c20130813$lBLL01$h1357
=CAT  \\$a8141$b40$c20130816$lBLL01$h1502
=CAT  \\$aWR14.047$c20140417$lBLL01$h1646
=CAT  \\$aW1611-0868$c20161114$lBLL01$h1415
=CAT  \\$aW1711-1225$c20171203$lBLL01$h1053
=FIN  \\$aY$d20130816
=STA  \\$aSUPPRESSED$bunable to determine reason for suppression
=LAS  \\$aW1711-1225$b00$c20171203$lBLL01$h1053

