=LDR  02093 am a2200529 i 4500
=001  016471706
=003  Uk
=005  20130820124853.0
=006  m\\\\||\\d\|\\\\\\
=007  cr\|||||||||||
=008  130813s2013\\\\enk\\\\\ob\\\\0|0\0|eng\\
=FMT  \\$a  BK
=015  \\$aGBB373253$2bnb
=040  \\$aUk$beng$cUk$erda
=042  \\$aukblsr
=082  04$a303.6091724$223
=100  1\$aLind, Jeremy,$eauthor.
=245  10$aUnderstanding and tackling violence outside of armed conflict settings /$cJeremy Lind and Becky Mitchell ; edited by Hannah Corbett.
=264  \1$aBrighton :$bInstitute of Development Studies,$cJune 2013.
=300  \\$a1 online resource (4 unnumbered pages).
=336  \\$atext$2rdacontent
=337  \\$acomputer$2rdamedia
=338  \\$aonline resource$2rdacarrier
=490  1\$aIDS policy briefing,$x1479-974X ;$vissue 37
=504  \\$aIncludes bibliographical references.
=588  \\$aDescription based on online resource; title from PDF caption title (viewed on August 20, 2013).
=650  \0$aViolence$zDeveloping countries.
=650  \0$aViolence$zDeveloping countries$xPrevention.
=650  \0$aViolence$zKenya$zNairobi.
=650  \0$aViolence$zKenya$zNairobi$xPrevention.
=650  \0$aViolence$zSierra Leone.
=650  \0$aViolence$zSierra Leone$xPrevention.
=700  1\$aMitchell, Becky,$eauthor.
=700  1\$aCorbett, Hannah,$eeditor.
=710  2\$aInstitute of Development Studies (Brighton, England),$epublisher.
=830  \0$aIDS policy briefing (Online),$x2040-0527 ;$vissue 37.
=856  40$uhttp://www.ids.ac.uk/files/dmfile/PB37_TacklingViolence_Web.pdf
=859  \\$aELD$bebook
=852  41$aBritish Library$bHMNTS$jELD Digital store
=CAT  \\$a12664$b40$c20130813$lBLL01$h1413
=CAT  \\$a8141$b40$c20130820$lBLL01$h1248
=CAT  \\$aWR14.047$c20140417$lBLL01$h1646
=CAT  \\$aW1611-0868$c20161114$lBLL01$h1415
=CAT  \\$aW1711-1225$c20171203$lBLL01$h1053
=FIN  \\$aY$d20130820
=STA  \\$aSUPPRESSED$bunable to determine reason for suppression
=LAS  \\$aW1711-1225$b00$c20171203$lBLL01$h1053

