=LDR  01829 am a2200457 i 4500
=001  016471713
=003  Uk
=005  20130820135351.0
=006  m\\\\||\\d\|\\\\\\
=007  cr\|||||||||||
=008  130813s2013\\\\enk\\\\\ob\\\\0|0\0|eng\\
=FMT  \\$a  BK
=015  \\$aGBB373264$2bnb
=040  \\$aUk$beng$cUk$erda
=042  \\$aukblsr
=082  04$a338.91091724$223
=100  10$aEyben, Rosalind,$eauthor.
=245  10$aBuilding relationships in development cooperation :$btraditional donors and the rising powers /$cwritten by Rosalind Eyben.
=264  \1$aBrighton :$bInstitute of Development Studies,$cMay 2013.
=300  \\$a1 online resource (4 unnumbered pages).
=336  \\$atext$2rdacontent
=337  \\$acomputer$2rdamedia
=338  \\$aonline resource$2rdacarrier
=490  1\$aIDS policy briefing,$x1479-974X ;$vissue 36
=504  \\$aIncludes bibliographical references.
=588  \\$aDescription based on online resource; title from PDF caption title (viewed on August 20, 2013).
=650  \0$aEconomic assistance$zDeveloping countries$xInternational cooperation.
=710  2\$aInstitute of Development Studies (Brighton, England),$epublisher.
=830  \0$aIDS policy briefing (Online),$x2040-0527 ;$vissue 36.
=856  40$uhttp://www.ids.ac.uk/files/dmfile/PB36_WEB.pdf
=859  \\$aELD$bebook
=852  41$aBritish Library$bHMNTS$jELD Digital store
=CAT  \\$a12664$b40$c20130813$lBLL01$h1418
=CAT  \\$a8141$b40$c20130820$lBLL01$h1353
=CAT  \\$aWR14.047$c20140417$lBLL01$h1646
=CAT  \\$aW1611-0868$c20161114$lBLL01$h1415
=CAT  \\$aBATCH-UPD$b00$c20161114$lBLL01$h1418
=CAT  \\$aW1711-1225$c20171203$lBLL01$h1053
=FIN  \\$aY$d20130820
=STA  \\$aSUPPRESSED$bunable to determine reason for suppression
=LAS  \\$aW1711-1225$b00$c20171203$lBLL01$h1053

