=LDR  01943 am a2200469 i 4500
=001  016471717
=003  Uk
=005  20130821084023.0
=006  m\\\\||\\d\|\\\\\\
=007  cr\|||||||||||
=008  130813s2013\\\\enk\\\\\ob\\\\0|0\0|eng\\
=FMT  \\$a  BK
=015  \\$aGBB375099$2bnb
=040  \\$aUk$beng$cUk$erda
=042  \\$aukblsr
=082  04$a361.610981$223
=100  1\$aSousa, Rômulo Paes de,$eauthor.
=245  10$aEvaluating social protection policies :$blessons from Brazil /$cwritten by Rômulo Paes de Sousa.
=264  \1$aBrighton :$bInstitute of Development Studies,$cApril 2013.
=300  \\$a1 online resource (2 unnumbered pages).
=336  \\$atext$2rdacontent
=337  \\$acomputer$2rdamedia
=338  \\$aonline resource$2rdacarrier
=490  1\$aIDS policy briefing,$x1479-974X ;$vissue 34
=504  \\$aIncludes bibliographical references.
=588  \\$aDescription based on online resource; title from PDF caption title (viewed on August 21, 2013).
=610  10$aBrazil.$bMinistério do Desenvolvimento Social e Combate à Fome.$bSecretaria de Avaliação e Gestão da Informação.
=650  \0$aEvaluation research (Social action programs)$zBrazil.
=650  \0$aPublic welfare$zBrazil$xEvaluation.
=710  2\$aInstitute of Development Studies (Brighton, England),$epublisher.
=830  \0$aIDS policy briefing (Online),$x2040-0527 ;$vissue 34.
=856  40$uhttp://www.ids.ac.uk/files/dmfile/PolicyBrief34.pdf
=859  \\$aELD$bebook
=852  41$aBritish Library$bHMNTS$jELD Digital store
=CAT  \\$a12664$b40$c20130813$lBLL01$h1421
=CAT  \\$a8141$b40$c20130821$lBLL01$h0840
=CAT  \\$aWR14.047$c20140417$lBLL01$h1646
=CAT  \\$aW1611-0868$c20161114$lBLL01$h1415
=CAT  \\$aW1711-1225$c20171203$lBLL01$h1053
=FIN  \\$aY$d20130821
=STA  \\$aSUPPRESSED$bunable to determine reason for suppression
=LAS  \\$aW1711-1225$b00$c20171203$lBLL01$h1053

