=LDR  01066 am a22003013i 4500
=001  016477124
=003  Uk
=005  20130820141048.0
=006  m\\\\||\\d\|\\\\\\
=007  cr\|||||||||||
=008  130820s2013\\\\enk\\\\\o\\\\\0|0\0|eng\\
=FMT  \\$a  BK
=245  \2$aGetting On :$bUniversal Credit and older workers.
=264  \1$aLondon :$bResolution Foundation,$c2013.
=336  \\$atext$2rdacontent
=337  \\$acomputer$2rdamedia
=338  \\$aonline resource$2rdacarrier
=500  \\$aPublished May 2013.
=690  7\$aSocial Welfare$2blcoll
=856  40$uhttp://www.resolutionfoundation.org/media/media/downloads/Getting_On_-_Universal_Credit_and_older_workers.pdf
=859  \\$aELD$bebook
=852  41$aBritish Library$bHMNTS$jELD Digital store
=CAT  \\$a10876$b40$c20130820$lBLL01$h1410
=CAT  \\$aWR14.047$c20140417$lBLL01$h1646
=CAT  \\$aW1611-0868$c20161114$lBLL01$h1415
=CAT  \\$aW1711-1225$c20171203$lBLL01$h1053
=STA  \\$aSUPPRESSED$bunable to determine reason for suppression
=LAS  \\$aW1711-1225$b00$c20171203$lBLL01$h1053

