=LDR  01232 am a22003133i 4500
=001  016477137
=003  Uk
=005  20130820142544.0
=006  m\\\\||\\d\|\\\\\\
=007  cr\|||||||||||
=008  130820s2013\\\\enk\\\\\o\\\\\0|0\0|eng\\
=FMT  \\$a  BK
=245  \0$aStatistical Notice :$bPre-announcing intention to publish Workforce and Offender Accredited Programme statistics from the National Offender Management Service.
=264  \1$aLondon :$bMinistry of Justice,$c2013.
=336  \\$atext$2rdacontent
=337  \\$acomputer$2rdamedia
=338  \\$aonline resource$2rdacarrier
=500  \\$aPublished June 2013.
=690  7\$aSocial Welfare$2blcoll
=856  40$uhttps://www.gov.uk/government/uploads/system/uploads/attachment_data/file/209053/noms-statistical-releases-notice.pdf
=859  \\$aELD$bebook
=852  41$aBritish Library$bHMNTS$jELD Digital store
=CAT  \\$a10876$b40$c20130820$lBLL01$h1419
=CAT  \\$a10876$b40$c20130820$lBLL01$h1425
=CAT  \\$aWR14.047$c20140417$lBLL01$h1646
=CAT  \\$aW1611-0868$c20161114$lBLL01$h1415
=CAT  \\$aW1711-1225$c20171203$lBLL01$h1053
=STA  \\$aSUPPRESSED$bunable to determine reason for suppression
=LAS  \\$aW1711-1225$b00$c20171203$lBLL01$h1053

