=LDR  00985 am a22002893i 4500
=001  016477220
=003  Uk
=005  20130820160016.0
=006  m\\\\||\\d\|\\\\\\
=007  cr\|||||||||||
=008  130820s2013\\\\enk\\\\\o\\\\\0|0\0|eng\\
=FMT  \\$a  BK
=245  \2$aA Consultation on Tax Management :$bAnalysis of Responses.
=264  \1$aEdinburgh :$bScottish Government,$c2013.
=336  \\$atext$2rdacontent
=337  \\$acomputer$2rdamedia
=338  \\$aonline resource$2rdacarrier
=490  0\$aResearch Findings ;$v21
=856  40$uhttp://www.scotland.gov.uk/Resource/0042/00426494.pdf
=859  \\$aELD$bebook
=852  41$aBritish Library$bHMNTS$jELD Digital store
=CAT  \\$a10983$b40$c20130820$lBLL01$h1600
=CAT  \\$aWR14.047$c20140417$lBLL01$h1646
=CAT  \\$aW1611-0868$c20161114$lBLL01$h1415
=CAT  \\$aW1711-1225$c20171203$lBLL01$h1053
=STA  \\$aSUPPRESSED$bunable to determine reason for suppression
=LAS  \\$aW1711-1225$b00$c20171203$lBLL01$h1053

