=LDR  01796 am a2200481 i 4500
=001  016479125
=003  Uk
=005  20130829102934.0
=006  m\\\\||\\d\|\\\\\\
=007  cr\|||||||||||
=008  130821s2013\\\\stk\\\\\ob\\\|0|0\0|eng\\
=FMT  \\$a  BK
=015  \\$aGBB377820$2bnb
=020  \\$z1844046192
=040  \\$aUk$beng$cUk$erda
=042  \\$aukblsr
=082  04$a616.1025$223
=110  1\$aScotland.$bHealthcare Improvement Scotland,$eauthor.
=245  10$aDo not attempt cardiopulmonary resuscitation (DNACPR) :$bindicator.
=264  \1$aGlasgow :$bHealthcare Improvement Scotland,$cJuly 2013.
=300  \\$a1 online resource (13 pages)
=336  \\$atext$2rdacontent
=337  \\$acomputer$2rdamedia
=338  \\$aonline resource$2rdacarrier
=500  \\$a"Evidence."
=504  \\$aIncludes bibliographical references.
=588  \\$aDescription based on online resource; title from PDF cover page (viewed on August 29, 2013).
=650  \0$aDo-not-resuscitate orders$zScotland.
=650  \0$aCPR (First aid)$zScotland.
=710  2\$aNational Health Service in Scotland.
=856  40$uhttp://www.healthcareimprovementscotland.org/our_work/patient_experience/palliative_care/dnacpr_indicator.aspx
=859  \\$aELD$bebook
=852  41$aBritish Library$bHMNTS$jELD Digital store
=CAT  \\$a12664$b40$c20130821$lBLL01$h0928
=CAT  \\$a12664$b40$c20130821$lBLL01$h0936
=CAT  \\$a12664$b40$c20130821$lBLL01$h0937
=CAT  \\$a8141$b40$c20130829$lBLL01$h1029
=CAT  \\$aWR14.047$c20140417$lBLL01$h1646
=CAT  \\$aW1611-0868$c20161114$lBLL01$h1415
=CAT  \\$aW1711-1225$c20171203$lBLL01$h1053
=FIN  \\$aY$d20130829
=STA  \\$aSUPPRESSED$bunable to determine reason for suppression
=LAS  \\$aW1711-1225$b00$c20171203$lBLL01$h1053

