=LDR  01629 am a2200445 i 4500
=001  016479136
=003  Uk
=005  20130829112209.0
=006  m\\\\||\\d\|\\\\\\
=007  cr\|||||||||||
=008  130821s2013\\\\enk\\\\\ob\\\\0|0\0|eng\\
=FMT  \\$a  BK
=015  \\$aGBB377827$2bnb
=020  \\$z9781906989736
=040  \\$aUk$beng$cUk$erda
=042  \\$aukblsr
=082  04$a344.41049$223
=245  00$aModel conditions for pet vending licensing.
=264  \1$aLondon :$bChartered Institute of Environmental Health,$cJuly 2013.
=300  \\$a1 online resource (31 pages)
=336  \\$atext$2rdacontent
=337  \\$acomputer$2rdamedia
=338  \\$aonline resource$2rdacarrier
=504  \\$aIncludes bibliographical references.
=588  \\$aDescription based on online resource; title from PDF cover page (viewed on August 29, 2013).
=650  \0$aPet shops$xLicenses$zGreat Britain.
=650  \0$aAnimal welfare$xLaw and legislation$zGreat Britain.
=710  2\$aChartered Institute of Environmental Health,$epublisher.
=856  40$uhttp://www.cieh.org/WorkArea/showcontent.aspx?id=47606
=859  \\$aELD$bebook
=852  41$aBritish Library$bHMNTS$jELD Digital store
=CAT  \\$a12664$b40$c20130821$lBLL01$h0937
=CAT  \\$a12664$b40$c20130821$lBLL01$h0938
=CAT  \\$a8141$b40$c20130829$lBLL01$h1122
=CAT  \\$aWR14.047$c20140417$lBLL01$h1646
=CAT  \\$aW1611-0868$c20161114$lBLL01$h1415
=CAT  \\$aW1711-1225$c20171203$lBLL01$h1053
=FIN  \\$aY$d20130829
=STA  \\$aSUPPRESSED$bunable to determine reason for suppression
=LAS  \\$aW1711-1225$b00$c20171203$lBLL01$h1053

