=LDR  02058 am a2200517 i 4500
=001  016479247
=003  Uk
=005  20130911110123.0
=006  m\\\\||\\d\|\\\\\\
=007  cr\|||||||||||
=008  130821s2013\\\\enkab\\\ob\\\\0|0\0|eng\\
=FMT  \\$a  BK
=015  \\$aGBB377839$2bnb
=020  \\$z9781909546004
=040  \\$aUk$beng$cUk$erda
=042  \\$aukblsr
=082  04$a305.6970941$223
=100  1\$aAlexander, Claire E.,$eauthor.
=245  14$aThe new Muslims /$cClaire Alexander, Victoria Redclift and Ajmal Hussain.
=264  \1$aLondon :$bRunnymede,$cJuly 2013.
=300  \\$a1 online resource (43 pages) :$b1 illustration (colour), 1 map (colour).
=336  \\$atext$2rdacontent
=337  \\$acomputer$2rdamedia
=338  \\$aonline resource$2rdacarrier
=490  0\$aRunnymede perspectives
=500  \\$a" This collection originates from a recent workshop on The New Muslims and a panel debate on The Muslim Question, both held in March 2013 at the University of Manchester." -- page 4.
=504  \\$aIncludes bibliographical references.
=588  \\$aDescription based on online resource; title from PDF cover page (viewed on August 29, 2013).
=650  \0$aMuslims$zGreat Britain.
=690  7\$aSocial Welfare$2blcoll
=700  1\$aRedclift, Victoria,$eauthor.
=700  1\$aHussain, Ajmal,$eauthor.
=710  2\$aRunnymede Trust,$epublisher.
=856  40$uhttp://www.runnymedetrust.org/uploads/publications/Runnymede_The_New_Muslims_Perspective.pdf
=859  \\$aELD$bebook
=852  41$aBritish Library$bHMNTS$jELD Digital store
=CAT  \\$a12664$b40$c20130821$lBLL01$h1115
=CAT  \\$a8141$b40$c20130829$lBLL01$h1254
=CAT  \\$a7332$b40$c20130906$lBLL01$h1049
=CAT  \\$a8311$b40$c20130911$lBLL01$h1101
=CAT  \\$aWR14.047$c20140417$lBLL01$h1646
=CAT  \\$aW1611-0868$c20161114$lBLL01$h1415
=CAT  \\$aW1711-1225$c20171203$lBLL01$h1053
=FIN  \\$aY$d20130829
=STA  \\$aSUPPRESSED$bunable to determine reason for suppression
=LAS  \\$aW1711-1225$b00$c20171203$lBLL01$h1053

