=LDR  01887 am a2200493 i 4500
=001  016479349
=003  Uk
=005  20130906105755.0
=006  m\\\\||\\d\|\\\\\\
=007  cr\|||||||||||
=008  130821s2013\\\\enka\\\\ob\\\\0|0\0|eng\\
=FMT  \\$a  BK
=015  \\$aGBB377846$2bnb
=040  \\$aUk$beng$cUk$erda
=042  \\$aukblsr
=082  04$a338.941$223
=100  1\$aCox, Joe$c(Campaign organiser),$eauthor.
=245  10$aInvest to grow :$ba spending review to get Britain moving /$cby Joe Cox.
=264  \1$a[London] :$bCompass,$cJune 2013.
=300  \\$a1 online resource (11 pages, 1 unnumbered page) :$b2 illustrations (colour)
=336  \\$atext$2rdacontent
=337  \\$acomputer$2rdamedia
=338  \\$aonline resource$2rdacarrier
=504  \\$aIncludes bibliographical references.
=588  \\$aDescription based on online resource; title from PDF cover page (viewed on August 29, 2013).
=650  \0$aExpenditures, Public$zGreat Britain.
=650  \0$aGovernment spending policy$zGreat Britain.
=650  \0$aFinance, Public$zGreat Britain.
=650  \0$aEconomic development$zGreat Britain.
=651  \0$aGreat Britain$xEconomic policy.
=690  7\$aSocial Welfare$2blcoll
=710  2\$aCompass (Organisation),$epublisher.
=856  40$uhttp://www.compassonline.org.uk/wp-content/uploads/2013/06/C1_Compass_InvestPaperv4.pdf
=859  \\$aELD$bebook
=852  41$aBritish Library$bHMNTS$jELD Digital store
=CAT  \\$a12664$b40$c20130821$lBLL01$h1228
=CAT  \\$a8141$b40$c20130829$lBLL01$h1406
=CAT  \\$a7332$b40$c20130906$lBLL01$h1057
=CAT  \\$aWR14.047$c20140417$lBLL01$h1646
=CAT  \\$aW1611-0868$c20161114$lBLL01$h1415
=CAT  \\$aW1711-1225$c20171203$lBLL01$h1053
=FIN  \\$aY$d20130829
=STA  \\$aSUPPRESSED$bunable to determine reason for suppression
=LAS  \\$aW1711-1225$b00$c20171203$lBLL01$h1053

