=LDR  02154 am a2200517 i 4500
=001  016479403
=003  Uk
=005  20130906111035.0
=006  m\\\\||\\d\|\\\\\\
=007  cr\|||||||||||
=008  130821s2013\\\\enk\\\\\ob\\\|0|0\0|eng\\
=FMT  \\$a  BK
=015  \\$aGBB377862$2bnb
=020  \\$z9781909532434
=040  \\$aUk$beng$cUk$erda
=042  \\$aukblsr
=082  04$a362.82920941$223
=100  1\$aLloyd, Richard,$d1961 March 30-$eauthor.
=245  10$aDomestic violence :$bimplementation of JSA DV easement and DDV concession : small scale qualitative research /$cprepared by Richard Lloyd and Dr Kath Mulraney of GHK Consulting Ltd.
=264  \1$a[London] :$bDepartment for Work and Pensions,$cJune 2013.
=300  \\$a1 online resource (74 pages).
=336  \\$atext$2rdacontent
=337  \\$acomputer$2rdamedia
=338  \\$aonline resource$2rdacarrier
=490  1\$aResearch report ;$vNo 843
=504  \\$aIncludes bibliographical references.
=588  \\$aDescription based on online resource; title from PDF cover page (viewed on August 29, 2013).
=650  \0$aVictims of family violence$xServices for$zGreat Britain.
=650  \0$aAbused women$xEmployment$zGreat Britain.
=650  \0$aAbused men$xEmployment$zGreat Britain.
=700  1\$aMulraney, Kath,$eauthor.
=710  1\$aGreat Britain.$bDepartment for Work and Pensions,$eissuing body.
=830  \0$aResearch report (Great Britain. Department for Work and Pensions) ;$vNo 843.
=856  40$uhttps://www.gov.uk/government/uploads/system/uploads/attachment_data/file/208123/rrep843.pdf
=859  \\$aELD$bebook
=852  41$aBritish Library$bHMNTS$jELD Digital store
=CAT  \\$a12664$b40$c20130821$lBLL01$h1343
=CAT  \\$a12664$b40$c20130821$lBLL01$h1348
=CAT  \\$a8141$b40$c20130829$lBLL01$h1456
=CAT  \\$a7332$b40$c20130906$lBLL01$h1110
=CAT  \\$aWR14.047$c20140417$lBLL01$h1646
=CAT  \\$aW1611-0868$c20161114$lBLL01$h1415
=CAT  \\$aW1711-1225$c20171203$lBLL01$h1053
=FIN  \\$aY$d20130829
=STA  \\$aSUPPRESSED$bunable to determine reason for suppression
=LAS  \\$aW1711-1225$b00$c20171203$lBLL01$h1053

