=LDR  01679 am a2200433 i 4500
=001  016479457
=003  Uk
=005  20130830111731.0
=006  m\\\\||\\d\|\\\\\\
=007  cr\|||||||||||
=008  130821s2013\\\\enkab\\\o\\\\\0|0\0|eng\\
=FMT  \\$a  BK
=015  \\$aGBB378206$2bnb
=040  \\$aUk$beng$cUk$erda
=042  \\$aukblsr
=082  04$a333.7715094731$223
=110  2\$aCBRE Russia Research Team,$eauthor.
=245  10$aMoshattan :$bthrough hardship to the stars : Moscow-City, business district overview /$cprepared by the CBRE Russia Research Team.
=264  \1$a[London?] :$bCBRE,$cApril 2013.
=300  \\$a1 online resource (18 pages) :$billustrations (colour), maps (colour)
=336  \\$atext$2rdacontent
=337  \\$acomputer$2rdamedia
=338  \\$aonline resource$2rdacarrier
=588  \\$aDescription based on online resource; title from PDF cover page (viewed on August 30, 2013).
=650  \0$aCentral business districts$zRussia$zMoscow.
=650  \0$aReal estate development$zRussia$zMoscow.
=710  2\$aCB Richard Ellis,$epublisher.
=856  40$uhttp://f.tlcollect.com/fr2/413/67517/Moscow-City_Report_ENG.pdf
=859  \\$aELD$bebook
=852  41$aBritish Library$bHMNTS$jELD Digital store
=CAT  \\$a12664$b40$c20130821$lBLL01$h1413
=CAT  \\$a8141$b40$c20130830$lBLL01$h1117
=CAT  \\$aBATCH-UPD$b40$c20130921$lBLL01$h1802
=CAT  \\$aWR14.047$c20140417$lBLL01$h1646
=CAT  \\$aW1611-0868$c20161114$lBLL01$h1415
=CAT  \\$aW1711-1225$c20171203$lBLL01$h1053
=FIN  \\$aY$d20130830
=STA  \\$aSUPPRESSED$bunable to determine reason for suppression
=LAS  \\$aW1711-1225$b00$c20171203$lBLL01$h1053

