=LDR  01673 am a2200433 i 4500
=001  016479599
=003  Uk
=005  20130905145347.0
=006  m\\\\||\\d\|\\\\\\
=007  cr\|||||||||||
=008  130821s2013\\\\stk\\\\\ob\\\\0|0\0|eng\\
=FMT  \\$a  BK
=015  \\$aGBB380953$2bnb
=040  \\$aUk$beng$cUk$erda
=042  \\$aukblsr
=082  04$a346.41104691$223
=110  2\$aScottish Environment Protection Agency,$eauthor.
=245  14$aThe Water Environment (Controlled Activities) (Scotland) Regulations 2011 (as amended) :$ba practical guide.
=250  \\$aVersion 7.
=264  \1$a[Stirling] :$bScottish Environment Protection Agency,$cJuly 2013.
=300  \\$a1 online resource (46 pages)
=336  \\$atext$2rdacontent
=337  \\$acomputer$2rdamedia
=338  \\$aonline resource$2rdacarrier
=504  \\$aIncludes bibliographical references.
=588  \\$aDescription based on online resource; title from PDF cover page (viewed on September 5, 2013).
=650  \0$aWater$xLaw and legislation$zScotland.
=650  \0$aWater$xEnvironmental aspects$zScotland.
=856  40$uhttp://www.sepa.org.uk/system_pages/idoc.ashx?docid=f8e4798e-2cab-4ceb-968b-f2a10d7fd8e7&version=-1
=859  \\$aELD$bebook
=852  41$aBritish Library$bHMNTS$jELD Digital store
=CAT  \\$a12664$b40$c20130821$lBLL01$h1603
=CAT  \\$a8141$b40$c20130905$lBLL01$h1453
=CAT  \\$aWR14.047$c20140417$lBLL01$h1646
=CAT  \\$aW1611-0868$c20161114$lBLL01$h1415
=CAT  \\$aW1711-1225$c20171203$lBLL01$h1053
=FIN  \\$aY$d20130905
=STA  \\$aSUPPRESSED$bunable to determine reason for suppression
=LAS  \\$aW1711-1225$b00$c20171203$lBLL01$h1053

