=LDR  01882 am a2200481 i 4500
=001  016480238
=003  Uk
=005  20130905142740.0
=006  m\\\\||\\d\|\\\\\\
=007  cr\|||||||||||
=008  130823s2013\\\\stk\\\\\ob\\\\0|0\0|eng\\
=FMT  \\$a  BK
=015  \\$aGBB380943$2bnb
=040  \\$aUk$beng$cUk$erda
=042  \\$aukblsr
=082  04$a363.3493709411$223
=245  00$aFlood Risk Management (Scotland) Act 2009 :$bappraisal method for flood risk management strategies.
=246  13$aAppraisal method for flood risk management strategies
=250  \\$aFirst edition.
=264  \1$a[Stirling] :$bScottish Environment Protection Agency,$c[2013?]
=300  \\$a1 online resource (67 pages)
=336  \\$atext$2rdacontent
=337  \\$acomputer$2rdamedia
=338  \\$aonline resource$2rdacarrier
=504  \\$aIncludes bibliographical references.
=588  \\$aDescription based on online resource; title from PDF cover page (viewed on September 5, 2013).
=650  \0$aFloods$xRisk assessment$zScotland.
=650  \0$aFlood control$zScotland.
=650  \0$aFlood damage prevention$zScotland$xEvaluation.
=710  2\$aScottish Environment Protection Agency,$eissuing body.
=856  40$uhttp://www.sepa.org.uk/flooding/idoc.ashx?docid=4681bff4-8111-4e10-905a-b2d114ff5045&version=-1
=859  \\$aELD$bebook
=852  41$aBritish Library$bHMNTS$jELD Digital store
=CAT  \\$a12664$b40$c20130823$lBLL01$h0948
=CAT  \\$a12664$b40$c20130823$lBLL01$h0950
=CAT  \\$a12664$b40$c20130823$lBLL01$h1118
=CAT  \\$a8141$b40$c20130905$lBLL01$h1427
=CAT  \\$aWR14.047$c20140417$lBLL01$h1646
=CAT  \\$aW1611-0868$c20161114$lBLL01$h1415
=CAT  \\$aW1711-1225$c20171203$lBLL01$h1053
=FIN  \\$aY$d20130905
=STA  \\$aSUPPRESSED$bunable to determine reason for suppression
=LAS  \\$aW1711-1225$b00$c20171203$lBLL01$h1053

