=LDR  01090 am a22003013i 4500
=001  016480273
=003  Uk
=005  20130823101221.0
=006  m\\\\||\\d\|\\\\\\
=007  cr\|||||||||||
=008  130823s2013\\\\enk\\\\\o\\\\\0|0\0|eng\\
=FMT  \\$a  BK
=245  \0$aTowards a Litter-Free Scotland :$bConsultation on a strategy to tackle and prevent litter and flytipping.
=264  \1$aEdinburgh :$bScottish Government,$c2013.
=336  \\$atext$2rdacontent
=337  \\$acomputer$2rdamedia
=338  \\$aonline resource$2rdacarrier
=500  \\$aIncludes supplementary document.
=856  40$uhttp://www.scotland.gov.uk/Resource/0042/00426900.pdf
=859  \\$aELD$bebook
=852  41$aBritish Library$bHMNTS$jELD Digital store
=CAT  \\$a10983$b40$c20130823$lBLL01$h1011
=CAT  \\$a10983$b40$c20130823$lBLL01$h1012
=CAT  \\$aWR14.047$c20140417$lBLL01$h1646
=CAT  \\$aW1611-0868$c20161114$lBLL01$h1415
=CAT  \\$aW1711-1225$c20171203$lBLL01$h1053
=STA  \\$aSUPPRESSED$bunable to determine reason for suppression
=LAS  \\$aW1711-1225$b00$c20171203$lBLL01$h1053

