=LDR  01045 am a22002773i 4500
=001  016480276
=003  Uk
=005  20130823101918.0
=006  m\\\\||\\d\|\\\\\\
=007  cr\|||||||||||
=008  130823s2013\\\\enk\\\\\o\\\\\0|0\0|eng\\
=FMT  \\$a  BK
=245  \0$aCHILDREN AND YOUNG PEOPLE'S EXPERIENCES OF, AND VIEWS ON, ISSUES RELATING TO THE IMPLEMENTATION OF THE UNITED NATIONS CONVENTION ON THE RIGHTS OF THE CHILD.
=264  \1$aEdinburgh :$bScottish Government,$c2013.
=336  \\$atext$2rdacontent
=337  \\$acomputer$2rdamedia
=338  \\$aonline resource$2rdacarrier
=856  40$uhttp://www.scotland.gov.uk/Resource/0042/00427287.pdf
=859  \\$aELD$bebook
=852  41$aBritish Library$bHMNTS$jELD Digital store
=CAT  \\$a10983$b40$c20130823$lBLL01$h1019
=CAT  \\$aWR14.047$c20140417$lBLL01$h1646
=CAT  \\$aW1611-0868$c20161114$lBLL01$h1415
=CAT  \\$aW1711-1225$c20171203$lBLL01$h1053
=STA  \\$aSUPPRESSED$bunable to determine reason for suppression
=LAS  \\$aW1711-1225$b00$c20171203$lBLL01$h1053

