=LDR  01038 am a22002893i 4500
=001  016480855
=003  Uk
=005  20130823155817.0
=006  m\\\\||\\d\|\\\\\\
=007  cr\|||||||||||
=008  130823s2013\\\\enk\\\\\o\\\\\0|0\0|eng\\
=FMT  \\$a  BK
=245  \3$aAn Evaluation of the Scottish Government's Participation in the Saltire Foundation Fellowship Programme.
=264  \1$aEdinburgh :$bScottish Government,$c2013.
=336  \\$atext$2rdacontent
=337  \\$acomputer$2rdamedia
=338  \\$aonline resource$2rdacarrier
=490  0\$aResearch Findings ;$v84/2013
=856  40$uhttp://www.scotland.gov.uk/Resource/0042/00427048.pdf
=859  \\$aELD$bebook
=852  41$aBritish Library$bHMNTS$jELD Digital store
=CAT  \\$a10983$b40$c20130823$lBLL01$h1558
=CAT  \\$aWR14.047$c20140417$lBLL01$h1646
=CAT  \\$aW1611-0868$c20161114$lBLL01$h1415
=CAT  \\$aW1711-1225$c20171203$lBLL01$h1053
=STA  \\$aSUPPRESSED$bunable to determine reason for suppression
=LAS  \\$aW1711-1225$b00$c20171203$lBLL01$h1053

