=LDR  02207 am a2200493 i 4500
=001  016481666
=003  Uk
=005  20130906082612.0
=006  m\\\\||\\d\|\\\\\\
=007  cr\|||||||||||
=008  130827s2013\\\\enka\\\\ob\\\|0|0\0|eng\\
=FMT  \\$a  BK
=015  \\$aGBB381282$2bnb
=040  \\$aUk$beng$cUk$erda
=042  \\$aukblsr
=082  04$a331.11440942$223
=100  1\$aBuscha, Franz,$eauthor.
=245  10$aEstimating the labour market returns to qualification gained in English Further Education using the Individualised Learner Record (ILR) /$cFranz Buscha and Peter Urwin [with four others].
=264  \1$aLondon :$bDepartment for Business, Innovation and Skills,$cApril 2013.
=300  \\$a1 online resource (76 pages) :$billustrations (black and white)
=336  \\$atext$2rdacontent
=337  \\$acomputer$2rdamedia
=338  \\$aonline resource$2rdacarrier
=500  \\$a"BIS/13/849."
=504  \\$aIncludes bibliographical references.
=588  \\$aDescription based on online resource; title from PDF cover page (viewed on September 6, 2013).
=650  \0$aAcademic achievement$xEconomic aspects$zEngland.
=650  \0$aPostsecondary education$xEconomic aspects$zEngland.
=650  \0$aWages$xEffect of education on$zEngland.
=690  7\$aManagement and Business Studies$2blcoll
=700  1\$aUrwin, Peter,$d1969-$eauthor.
=710  1\$aGreat Britain.$bDepartment for Business, Innovation and Skills,$eissuing body.
=856  40$uhttps://www.gov.uk/government/uploads/system/uploads/attachment_data/file/192861/bis-13-849-estimating-labour-market-returns-to-qualifications-gained-in-english-fe-using-individualised-learner-record-ilr.pdf
=859  \\$aELD$bebook
=852  41$aBritish Library$bHMNTS$jELD Digital store
=CAT  \\$a12664$b40$c20130827$lBLL01$h1119
=CAT  \\$a8141$b40$c20130906$lBLL01$h0826
=CAT  \\$aWR14.047$c20140417$lBLL01$h1646
=CAT  \\$aBATCH-UPD$b00$c20141226$lBLL01$h2133
=CAT  \\$aW1611-0868$c20161114$lBLL01$h1415
=CAT  \\$aW1711-1225$c20171203$lBLL01$h1053
=FIN  \\$aY$d20130906
=STA  \\$aSUPPRESSED$bunable to determine reason for suppression
=LAS  \\$aW1711-1225$b00$c20171203$lBLL01$h1053

