=LDR  01186 am a22003133i 4500
=001  016481673
=003  Uk
=005  20130827122506.0
=006  m\\\\||\\d\|\\\\\\
=007  cr\|||||||||||
=008  130827s2013\\\\enk\\\\\o\\\\\0|0\0|eng\\
=FMT  \\$a  BK
=245  \4$aThe enabling state in Wales :$bkey issues raised at our Cardiff enabling state roundtable on 4 December 2012 at Cardiff City Hall.
=264  \1$aDunfermline :$bCarnegie UK Trust,$c2013.
=336  \\$atext$2rdacontent
=337  \\$acomputer$2rdamedia
=338  \\$aonline resource$2rdacarrier
=500  \\$aPublished July 2013.
=690  7\$aSocial Welfare$2blcoll
=856  40$uhttp://www.carnegieuktrust.org.uk/CMSPages/GetFile.aspx?guid=4d295946-fb6c-46a6-b794-f966fbab28ef
=859  \\$aELD$bebook
=852  41$aBritish Library$bHMNTS$jELD Digital store
=CAT  \\$a10876$b40$c20130827$lBLL01$h1125
=CAT  \\$a10876$b40$c20130827$lBLL01$h1225
=CAT  \\$aWR14.047$c20140417$lBLL01$h1646
=CAT  \\$aW1611-0868$c20161114$lBLL01$h1415
=CAT  \\$aW1711-1225$c20171203$lBLL01$h1053
=STA  \\$aSUPPRESSED$bunable to determine reason for suppression
=LAS  \\$aW1711-1225$b00$c20171203$lBLL01$h1053

