=LDR  02311 am a2200517 i 4500
=001  016481676
=003  Uk
=005  20130906095448.0
=006  m\\\\||\\d\|\\\\\\
=007  cr\|||||||||||
=008  130827s2013\\\\enka\\\\o\\\\|0|0\0|eng\\
=FMT  \\$a  BK
=015  \\$aGBB381297$2bnb
=040  \\$aUk$beng$cUk$erda
=042  \\$aukblsr
=082  04$a364.1680941021$223
=110  2\$aPricewaterhouseCoopers LLP,$eauthor.
=245  10$a2013 information security breaches survey :$btechnical report /$csurvey conducted by pwc in association with infosecurity Europe.
=246  13$aInformation security breaches survey 2013
=264  \1$aLondon :$bDepartment for Business, Innovation and Skills,$c[2013]
=300  \\$a1 online resource (19 pages) :$billustrations (colour)
=336  \\$atext$2rdacontent
=337  \\$acomputer$2rdamedia
=338  \\$aonline resource$2rdacarrier
=500  \\$a"BIS/13/P184."
=588  \\$aDescription based on online resource; title from PDF cover page (viewed on September 6, 2013).
=650  \0$aComputer security$zGreat Britain.
=650  \0$aBusiness enterprises$xComputer networks$xSecurity measures$zGreat Britain$xStatistics.
=650  \0$aBusiness enterprises$xComputer networks$xSecurity measures$zGreat Britain$vStatistics.
=650  \0$aComputer crimes$zGreat Britain$xStatistics.
=650  \0$aComputer crimes$zGreat Britain$vStatistics.
=650  \0$aComputer crimes$xEconomic aspects$zGreat Britain.
=690  7\$aManagement and Business Studies$2blcoll
=710  1\$aGreat Britain.$bDepartment for Business, Innovation and Skills,$eissuing body.
=856  40$uhttps://www.gov.uk/government/uploads/system/uploads/attachment_data/file/200455/bis-13-p184-2013-information-security-breaches-survey-technical-report.pdf
=859  \\$aELD$bebook
=852  41$aBritish Library$bHMNTS$jELD Digital store
=CAT  \\$a12664$b40$c20130827$lBLL01$h1127
=CAT  \\$a8141$b40$c20130906$lBLL01$h0954
=CAT  \\$aWR14.047$c20140417$lBLL01$h1646
=CAT  \\$aBATCH-UPD$b00$c20141226$lBLL01$h2133
=CAT  \\$aW1611-0868$c20161114$lBLL01$h1415
=CAT  \\$aW1711-1225$c20171203$lBLL01$h1053
=FIN  \\$aY$d20130906
=STA  \\$aSUPPRESSED$bunable to determine reason for suppression
=LAS  \\$aW1711-1225$b00$c20171203$lBLL01$h1053

