=LDR  02151 am a2200493 i 4500
=001  016481684
=003  Uk
=005  20130906123131.0
=006  m\\\\||\\d\|\\\\\\
=007  cr\|||||||||||
=008  130827s2013\\\\enka\\\\ob\\\|0|0\0|eng\\
=FMT  \\$a  BK
=015  \\$aGBB381321$2bnb
=040  \\$aUk$beng$cUk$erda
=042  \\$aukblsr
=082  04$a331.12042094$223
=110  2\$aECORYS-NEI (Firm),$eauthor.
=245  10$aEffectiveness of European Social Fund delivery.
=246  13$aEffectiveness of ESF delivery
=264  \1$aLondon :$bDepartment for Business, Innovation and Skills,$cApril 2013.
=300  \\$a1 online resource (42 pages) :$b1 illustration (colour)
=336  \\$atext$2rdacontent
=337  \\$acomputer$2rdamedia
=338  \\$aonline resource$2rdacarrier
=500  \\$a"This study, exploring issues concerning the effectiveness of European Social Fund (ESF) delivery, was commissioned by the Department for Business, Innovation and Skills (BIS) and undertaken by Ecorys."--page 8 of PDF file.
=500  \\$a"BIS/13/788."
=504  \\$aIncludes bibliographical references.
=588  \\$aDescription based on online resource; title from PDF cover page (viewed on September 6, 2013).
=610  20$aEuropean Social Fund$xEvaluation.
=610  20$aEuropean Social Fund$vCase studies.
=690  7\$aManagement and Business Studies$2blcoll
=710  1\$aGreat Britain.$bDepartment for Business, Innovation and Skills,$eissuing body.
=856  40$uhttps://www.gov.uk/government/uploads/system/uploads/attachment_data/file/190771/bis-13-788-effectiveness-of-european-social-fund-delivery.pdf
=859  \\$aELD$bebook
=852  41$aBritish Library$bHMNTS$jELD Digital store
=CAT  \\$a12664$b40$c20130827$lBLL01$h1137
=CAT  \\$a8141$b40$c20130906$lBLL01$h1231
=CAT  \\$aWR14.047$c20140417$lBLL01$h1646
=CAT  \\$aBATCH-UPD$b00$c20141226$lBLL01$h2133
=CAT  \\$aW1611-0868$c20161114$lBLL01$h1415
=CAT  \\$aW1711-1225$c20171203$lBLL01$h1053
=FIN  \\$aY$d20130906
=STA  \\$aSUPPRESSED$bunable to determine reason for suppression
=LAS  \\$aW1711-1225$b00$c20171203$lBLL01$h1053

