=LDR  02072 am a2200541 i 4500
=001  016481686
=003  Uk
=005  20130910140529.0
=006  m\\\\||\\d\|\\\\\\
=007  cr\|||||||||||
=008  130827s2013\\\\enka|||\ob\\\\0||\0|eng\\
=FMT  \\$a  BK
=015  \\$aGBB381630$2bnb
=020  \\$z9780957358751
=040  \\$aUk$beng$cUk$erda
=042  \\$aukblsr
=082  04$a305.5690941$223
=110  2\$aCentre for Social Justice (Great Britain),$eauthor.
=245  10$aTURNING THE TIDE :$bSocial justice in five seaside towns.
=264  \1$aLondon :$bCentre for Social Justice,$cAugust 2013.
=300  \\$a1 online resource (35 pages) :$billustrations (colour)
=336  \\$atext$2rdacontent
=337  \\$acomputer$2rdamedia
=338  \\$aonline resource$2rdacarrier
=500  \\$a"Breakthrough Britain II."
=504  \\$aIncludes bibliographical references.
=588  \\$aDescription based on online resource; title from PDF cover page (viewed on September 10, 2013).
=651  \0$aBlackpool (England)$xSocial conditions.
=651  \0$aRhyl (Wales)$xSocial conditions.
=651  \0$aMargate (England)$xSocial conditions.
=651  \0$aClacton-on-Sea (England)$xSocial conditions.
=651  \0$aGreat Yarmouth (England)$xSocial conditions.
=650  \0$aPoverty$zEngland$zBlackpool.
=650  \0$aPoverty$zWales$zRhyl.
=650  \0$aPoverty$zEngland$zMargate.
=650  \0$aPoverty$zEngland$zClacton-on-Sea.
=650  \0$aPoverty$zEngland$zGreat Yarmouth.
=856  40$uhttp://www.centreforsocialjustice.org.uk/UserStorage/pdf/Pdf%20reports/Turning-the-Tide.pdf
=859  \\$aELD$bebook
=852  41$aBritish Library$bHMNTS$jELD Digital store
=CAT  \\$a10902$b40$c20130827$lBLL01$h1138
=CAT  \\$a11281$b40$c20130910$lBLL01$h1405
=CAT  \\$aWR14.047$c20140417$lBLL01$h1646
=CAT  \\$aW1611-0868$c20161114$lBLL01$h1415
=CAT  \\$aW1711-1225$c20171203$lBLL01$h1053
=FIN  \\$aY$d20130910
=STA  \\$aSUPPRESSED$bunable to determine reason for suppression
=LAS  \\$aW1711-1225$b00$c20171203$lBLL01$h1053

