=LDR  01762 am a2200433 i 4500
=001  016481688
=003  Uk
=005  20130906124655.0
=006  m\\\\||\\d\|\\\\\\
=007  cr\|||||||||||
=008  130827s2013\\\\enk\\\\\o\\\\|0|0\0|eng\\
=FMT  \\$a  BK
=015  \\$aGBB381323$2bnb
=040  \\$aUk$beng$cUk$erda
=042  \\$aukblsr
=082  04$a331.230941$223
=110  1\$aGreat Britain.$bDepartment for Business, Innovation and Skills,$eauthor.
=245  10$aNational minimum wage :$bGovernment response to the 2013 Low Pay Commission report.
=264  \1$aLondon :$bDepartment for Business, Innovation and Skills,$cApril 2013.
=300  \\$a1 online resource (5 pages)
=336  \\$atext$2rdacontent
=337  \\$acomputer$2rdamedia
=338  \\$aonline resource$2rdacarrier
=500  \\$a"BIS/13/P134."
=588  \\$aDescription based on online resource; title from PDF cover page (viewed on September 6, 2013).
=650  \0$aMinimum wage$xGovernment policy$zGreat Britain.
=690  7\$aManagement and Business Studies$2blcoll
=856  40$uhttps://www.gov.uk/government/uploads/system/uploads/attachment_data/file/186856/13-P134-national-minimum-wage-government-response-to-the-low-pay-commissions-2013-report.pdf
=859  \\$aELD$bebook
=852  41$aBritish Library$bHMNTS$jELD Digital store
=CAT  \\$a12664$b40$c20130827$lBLL01$h1140
=CAT  \\$a8141$b40$c20130906$lBLL01$h1246
=CAT  \\$aWR14.047$c20140417$lBLL01$h1646
=CAT  \\$aBATCH-UPD$b00$c20141226$lBLL01$h2133
=CAT  \\$aW1611-0868$c20161114$lBLL01$h1415
=CAT  \\$aW1711-1225$c20171203$lBLL01$h1053
=FIN  \\$aY$d20130906
=STA  \\$aSUPPRESSED$bunable to determine reason for suppression
=LAS  \\$aW1711-1225$b00$c20171203$lBLL01$h1053

