=LDR  01256 am a22003253i 4500
=001  016481690
=003  Uk
=005  20130827122459.0
=006  m\\\\||\\d\|\\\\\\
=007  cr\|||||||||||
=008  130827s2013\\\\enk\\\\\o\\\\\0|0\0|eng\\
=FMT  \\$a  BK
=245  \4$aThe enabling state in Scotland :$bkey issues raised at our Scotland enabling state roundtable on 30 January 2013 at Andrew Carnegie House, Dunfermline.
=264  \1$aDunfermline :$bCarnegie UK Trust,$c2013.
=336  \\$atext$2rdacontent
=337  \\$acomputer$2rdamedia
=338  \\$aonline resource$2rdacarrier
=500  \\$aPublished July 2013.
=690  7\$aSocial Welfare$2blcoll
=856  40$uhttp://www.carnegieuktrust.org.uk/CMSPages/GetFile.aspx?guid=526538c4-90a5-4a61-8f94-3fd3c49578bb
=859  \\$aELD$bebook
=852  41$aBritish Library$bHMNTS$jELD Digital store
=CAT  \\$a10876$b40$c20130827$lBLL01$h1140
=CAT  \\$a10876$b40$c20130827$lBLL01$h1145
=CAT  \\$a10876$b40$c20130827$lBLL01$h1224
=CAT  \\$aWR14.047$c20140417$lBLL01$h1646
=CAT  \\$aW1611-0868$c20161114$lBLL01$h1415
=CAT  \\$aW1711-1225$c20171203$lBLL01$h1053
=STA  \\$aSUPPRESSED$bunable to determine reason for suppression
=LAS  \\$aW1711-1225$b00$c20171203$lBLL01$h1053

