=LDR  01814 am a2200445 i 4500
=001  016481710
=003  Uk
=005  20130906135859.0
=006  m\\\\||\\d\|\\\\\\
=007  cr\|||||||||||
=008  130827s2013\\\\enk\\\\\o\\\\|0|0\0|eng\\
=FMT  \\$a  BK
=015  \\$aGBB381334$2bnb
=040  \\$aUk$beng$cUk$erda
=042  \\$aukblsr
=082  04$a338.941$223
=245  00$aStructural and investment fund strategies :$bpreliminary guidance to Local Enterprise Partnerships.
=264  \1$aLondon :$bDepartment for Business, Innovation and Skills,$cApril 2013.
=300  \\$a1 online resource (7 pages)
=336  \\$atext$2rdacontent
=337  \\$acomputer$2rdamedia
=338  \\$aonline resource$2rdacarrier
=500  \\$a"URN BIS/13/747."
=588  \\$aDescription based on online resource; title from PDF cover page (viewed on September 6, 2013).
=650  \0$aRegional economics$xGovernment policy$zGreat Britain.
=650  \0$aEconomic development$zGreat Britain$xFinance.
=650  \0$aEconomic development$xGovernment policy$zGreat Britain.
=690  7\$aManagement and Business Studies$2blcoll
=856  40$uhttps://www.gov.uk/government/uploads/system/uploads/attachment_data/file/190879/13-747-structural-and-investment-fund-strategies-preliminary-guidance-to-leps.pdf
=859  \\$aELD$bebook
=852  41$aBritish Library$bHMNTS$jELD Digital store
=CAT  \\$a12664$b40$c20130827$lBLL01$h1209
=CAT  \\$a12664$b40$c20130827$lBLL01$h1219
=CAT  \\$a8141$b40$c20130906$lBLL01$h1358
=CAT  \\$aWR14.047$c20140417$lBLL01$h1646
=CAT  \\$aW1611-0868$c20161114$lBLL01$h1415
=CAT  \\$aW1711-1225$c20171203$lBLL01$h1053
=FIN  \\$aY$d20130906
=STA  \\$aSUPPRESSED$bunable to determine reason for suppression
=LAS  \\$aW1711-1225$b00$c20171203$lBLL01$h1053

