=LDR  01212 am a22003133i 4500
=001  016481718
=003  Uk
=005  20130827123437.0
=006  m\\\\||\\d\|\\\\\\
=007  cr\|||||||||||
=008  130827s2013\\\\enk\\\\\o\\\\\0|0\0|eng\\
=FMT  \\$a  BK
=245  \0$aSchool direct :$bquick start guide for schools 2014 to 2015.
=264  \1$aLondon :$bDepartment for Education, National College for Teaching & Leadership,$c2013.
=336  \\$atext$2rdacontent
=337  \\$acomputer$2rdamedia
=338  \\$aonline resource$2rdacarrier
=500  \\$aVersion 4: updated July 2013.
=856  40$uhttps://www.gov.uk/government/uploads/system/uploads/attachment_data/file/224171/school_direct_quick_start_guide_for_schools.pdf
=859  \\$aELD$bebook
=852  41$aBritish Library$bHMNTS$jELD Digital store
=CAT  \\$a10876$b40$c20130827$lBLL01$h1225
=CAT  \\$a10876$b40$c20130827$lBLL01$h1233
=CAT  \\$a10876$b40$c20130827$lBLL01$h1234
=CAT  \\$aWR14.047$c20140417$lBLL01$h1646
=CAT  \\$aW1611-0868$c20161114$lBLL01$h1415
=CAT  \\$aW1711-1225$c20171203$lBLL01$h1053
=STA  \\$aSUPPRESSED$bunable to determine reason for suppression
=LAS  \\$aW1711-1225$b00$c20171203$lBLL01$h1053

