=LDR  01180 am a22003133i 4500
=001  016481786
=003  Uk
=005  20130827142000.0
=006  m\\\\||\\d\|\\\\\\
=007  cr\|||||||||||
=008  130827s2013\\\\enk\\\\\o\\\\\0|0\0|eng\\
=FMT  \\$a  BK
=245  \0$a2014-15 Revenue Funding Arrangements :$bOperational Information for local Authorities.
=264  \1$aLondon :$bDepartment for Education,$c2013.
=336  \\$atext$2rdacontent
=337  \\$acomputer$2rdamedia
=338  \\$aonline resource$2rdacarrier
=500  \\$aReference: EFA-00078-2013.
=500  \\$aPublished July 2013.
=856  40$uhttps://www.gov.uk/government/uploads/system/uploads/attachment_data/file/224728/2014-15_Revenue_Funding_Operational_guidance.pdf
=859  \\$aELD$bebook
=852  41$aBritish Library$bHMNTS$jELD Digital store
=CAT  \\$a10876$b40$c20130827$lBLL01$h1415
=CAT  \\$a10876$b40$c20130827$lBLL01$h1420
=CAT  \\$aWR14.047$c20140417$lBLL01$h1646
=CAT  \\$aW1611-0868$c20161114$lBLL01$h1415
=CAT  \\$aW1711-1225$c20171203$lBLL01$h1053
=STA  \\$aSUPPRESSED$bunable to determine reason for suppression
=LAS  \\$aW1711-1225$b00$c20171203$lBLL01$h1053

