=LDR  01159 am a22003133i 4500
=001  016481793
=003  Uk
=005  20130827142147.0
=006  m\\\\||\\d\|\\\\\\
=007  cr\|||||||||||
=008  130827s2013\\\\enk\\\\\o\\\\\0|0\0|eng\\
=FMT  \\$a  BK
=020  \\$z9781781052525
=245  \0$aThe independent evaluation of the pilot of the linked pair of GCSEs in mathematics (MLP) :$bFourth interim research brief.
=264  \1$aLondon :$bDepartment for Education,$c2013.
=336  \\$atext$2rdacontent
=337  \\$acomputer$2rdamedia
=338  \\$aonline resource$2rdacarrier
=500  \\$aReference: DFE-RB276A.
=500  \\$aPublished June 2013.
=856  40$uhttps://www.gov.uk/government/uploads/system/uploads/attachment_data/file/205939/DFE-RB276A.pdf
=859  \\$aELD$bebook
=852  41$aBritish Library$bHMNTS$jELD Digital store
=CAT  \\$a10876$b40$c20130827$lBLL01$h1421
=CAT  \\$aWR14.047$c20140417$lBLL01$h1646
=CAT  \\$aW1611-0868$c20161114$lBLL01$h1415
=CAT  \\$aW1711-1225$c20171203$lBLL01$h1053
=STA  \\$aSUPPRESSED$bunable to determine reason for suppression
=LAS  \\$aW1711-1225$b00$c20171203$lBLL01$h1053

