=LDR  01502 am a2200421 i 4500
=001  016481911
=003  Uk
=005  20130910143314.0
=006  m\\\\||\\d\|\\\\\\
=007  cr\|||||||||||
=008  130827s2013\\\\enka|||\ob\\\o0||\0|eng\\
=FMT  \\$a  BK
=015  \\$aGBB381641$2bnb
=040  \\$aUk$beng$cUk$erda
=042  \\$aukblsr
=082  04$a362.10941$223
=110  2\$aNHS England,$eauthor.
=245  14$aThe NHS belongs to the people :$ba call to action.
=264  \1$a[London] :$bNHS England,$c[2013]
=300  \\$a1 online resource (23 pages) :$billustrations (colour)
=336  \\$atext$2rdacontent
=337  \\$acomputer$2rdamedia
=338  \\$aonline resource$2rdacarrier
=504  \\$aIncludes bibliographical references.
=588  \\$aDescription based on online resource; title from PDF cover page (viewed on September 10, 2013).
=610  20$aNHS England.
=650  \0$aMedical care$zGreat Britain$xAdministration.
=856  40$uhttp://www.england.nhs.uk/wp-content/uploads/2013/07/nhs_belongs.pdf
=859  \\$aELD$bebook
=852  41$aBritish Library$bHMNTS$jELD Digital store
=CAT  \\$a10902$b40$c20130827$lBLL01$h1553
=CAT  \\$a11281$b40$c20130910$lBLL01$h1433
=CAT  \\$aWR14.047$c20140417$lBLL01$h1646
=CAT  \\$aW1611-0868$c20161114$lBLL01$h1415
=CAT  \\$aW1711-1225$c20171203$lBLL01$h1053
=FIN  \\$aY$d20130910
=STA  \\$aSUPPRESSED$bunable to determine reason for suppression
=LAS  \\$aW1711-1225$b00$c20171203$lBLL01$h1053

