=LDR  01290 am a22003493i 4500
=001  016481915
=003  Uk
=005  20130827162506.0
=006  m\\\\||\\d\|\\\\\\
=007  cr\|||||||||||
=008  130827s2013\\\\enk\\\\\o\\\\\0|0\0|eng\\
=FMT  \\$a  BK
=245  \0$aWinners and Losers in the Crisis :$bThe Changing Anatomy of Economic Inequality in the UK 2007-2010.
=264  \1$aLondon :$bCentre for Analysis of Social Exclusion,$c2013.
=336  \\$atext$2rdacontent
=337  \\$acomputer$2rdamedia
=338  \\$aonline resource$2rdacarrier
=490  0\$aSocial policy in a cold climate ;$vResearch report 2
=500  \\$aPublished June 2013.
=690  7\$aSocial Welfare$2blcoll
=856  40$uhttp://sticerd.lse.ac.uk/dps/case/spcc/rr02.pdf
=859  \\$aELD$bebook
=852  41$aBritish Library$bHMNTS$jELD Digital store
=CAT  \\$a10876$b40$c20130827$lBLL01$h1604
=CAT  \\$a10876$b40$c20130827$lBLL01$h1605
=CAT  \\$a10876$b40$c20130827$lBLL01$h1615
=CAT  \\$a10876$b40$c20130827$lBLL01$h1625
=CAT  \\$aWR14.047$c20140417$lBLL01$h1646
=CAT  \\$aW1611-0868$c20161114$lBLL01$h1415
=CAT  \\$aW1711-1225$c20171203$lBLL01$h1053
=STA  \\$aSUPPRESSED$bunable to determine reason for suppression
=LAS  \\$aW1711-1225$b00$c20171203$lBLL01$h1053

