=LDR  01096 am a22002893i 4500
=001  016483926
=003  Uk
=005  20130828083028.0
=006  m\\\\||\\d\|\\\\\\
=007  cr\|||||||||||
=008  130828s2013\\\\enk\\\\\o\\\\\0|0\0|eng\\
=FMT  \\$a  BK
=245  \0$aBasically... porn is everywhere :$bA Rapid Evidence Assessment on the Effects that Access and Exposure to Pornography has on Children and Young People.
=264  \1$bOffice of the Children's Commissioner,$c[2013].
=336  \\$atext$2rdacontent
=337  \\$acomputer$2rdamedia
=338  \\$aonline resource$2rdacarrier
=690  7\$aSocial Welfare$2blcoll
=856  40$uhttp://www.mdx.ac.uk/Assets/BasicallyporniseverywhereReport.pdf
=859  \\$aELD$bebook
=852  41$aBritish Library$bHMNTS$jELD Digital store
=CAT  \\$a10902$b40$c20130828$lBLL01$h0830
=CAT  \\$aWR14.047$c20140417$lBLL01$h1646
=CAT  \\$aW1611-0868$c20161114$lBLL01$h1415
=CAT  \\$aW1711-1225$c20171203$lBLL01$h1053
=STA  \\$aSUPPRESSED$bunable to determine reason for suppression
=LAS  \\$aW1711-1225$b00$c20171203$lBLL01$h1053

