=LDR  01807 am a2200469 i 4500
=001  016483964
=003  Uk
=005  20130911073851.0
=006  m\\\\||\\d\|\\\\\\
=007  cr\|||||||||||
=008  130828s2013\\\\enka|||\ob\\\o0||\0|eng\\
=FMT  \\$a  BK
=015  \\$aGBB383691$2bnb
=020  \\$z9781909790124
=040  \\$aUk$beng$cUk$erda
=042  \\$aukblsr
=082  04$a336.2060941$223
=110  1\$aGreat Britain.$bTreasury,$eauthor.
=245  10$aTax-Free Childcare :$bconsultation on design and operation.
=264  \1$aLondon :$bHM Treasury,$cAugust 2013.
=300  \\$a1 online resource (62 pages) :$billustrations (colour)
=336  \\$atext$2rdacontent
=337  \\$acomputer$2rdamedia
=338  \\$aonline resource$2rdacarrier
=504  \\$aIncludes bibliographical references.
=588  \\$aDescription based on online resource; title from PDF cover page (viewed on September 11, 2013).
=650  \0$aChild tax credits$zGreat Britain.
=650  \0$aIncome tax deductions for child care expenses$zGreat Britain.
=650  \0$aTax credits$zGreat Britain.
=690  7\$aSocial Welfare$2blcoll
=710  1\$aGreat Britain.$bHM Revenue & Customs.
=856  40$uhttps://www.gov.uk/government/uploads/system/uploads/attachment_data/file/226460/tax-free_childcare_consultation_on_design_and_operation.pdf
=859  \\$aELD$bebook
=852  41$aBritish Library$bHMNTS$jELD Digital store
=CAT  \\$a10902$b40$c20130828$lBLL01$h0937
=CAT  \\$a11281$b40$c20130911$lBLL01$h0738
=CAT  \\$aWR14.047$c20140417$lBLL01$h1646
=CAT  \\$aW1611-0868$c20161114$lBLL01$h1415
=CAT  \\$aW1711-1225$c20171203$lBLL01$h1053
=FIN  \\$aY$d20130911
=STA  \\$aSUPPRESSED$bunable to determine reason for suppression
=LAS  \\$aW1711-1225$b00$c20171203$lBLL01$h1053

