=LDR  01915 am a2200493 i 4500
=001  016483974
=003  Uk
=005  20170405170356.0
=006  m\\\\||\\d\|\\\\\\
=007  cr\|||||||||||
=008  130828s2013\\\\enka|||\ob\\\\0||\0|eng\\
=FMT  \\$a  BK
=015  \\$aGBB383697$2bnb
=040  \\$aUk$beng$cUk$erda
=042  \\$aukblsr
=082  04$a363.50941$223
=100  1\$aHumphrey, Alun,$eauthor.
=245  10$aSupport for first-time buyers /$cAlun Humphrey & Andy Scott.
=264  \1$a[London] :$bNatCen,$c2013.
=300  \\$a1 online resource (8 pages) :$billustrations (colour)
=336  \\$atext$2rdacontent
=337  \\$acomputer$2rdamedia
=338  \\$aonline resource$2rdacarrier
=504  \\$aIncludes bibliographical references.
=588  \\$aDescription based on online resource; title from PDF cover page (viewed on September 11, 2013).
=650  \0$aHouse buying$zGreat Britain.
=650  \0$aParent and child$zGreat Britain$xEconomic aspects.
=690  7\$aSocial Welfare$2blcoll
=700  1\$aScott, Andy$c(Social researcher),$eauthor.
=710  2\$aNational Centre for Social Research (Great Britain),$epublisher.
=710  2\$aShelter (Organization),$esponsoring body.
=856  40$uhttp://england.shelter.org.uk/__data/assets/pdf_file/0004/694228/NatCen_Support_for_First_Time_Buyers_Report_FINAL.pdf
=859  \\$aELD$bebook
=852  41$aBritish Library$bHMNTS$jELD Digital store
=CAT  \\$a10902$b40$c20130828$lBLL01$h0954
=CAT  \\$a11281$b40$c20130911$lBLL01$h0820
=CAT  \\$aWR14.047$c20140417$lBLL01$h1646
=CAT  \\$aW1611-0868$c20161114$lBLL01$h1415
=CAT  \\$a11814$b40$c20170405$lBLL01$h1651
=CAT  \\$a11814$b40$c20170405$lBLL01$h1703
=CAT  \\$aW1711-1225$c20171203$lBLL01$h1053
=FIN  \\$aY$d20130911
=STA  \\$aSUPPRESSED$bunable to determine reason for suppression
=LAS  \\$aW1711-1225$b00$c20171203$lBLL01$h1053

