=LDR  01768 am a2200457 i 4500
=001  016484038
=003  Uk
=005  20130911090046.0
=006  m\\\\||\\d\|\\\\\\
=007  cr\|||||||||||
=008  130828s2013\\\\enk||||\ob\\\\0||\0|eng\\
=FMT  \\$a  BK
=015  \\$aGBB383700$2bnb
=040  \\$aUk$beng$cUk$erda
=042  \\$aukblsr
=082  04$a361.763$223
=100  1\$aMacmillan, Rob,$eauthor.
=245  14$aThe third sector in unsettled times :$ba field guide /$cRob Macmillan, Rebecca Taylor, Malin Arvidson, Andri Soteri-Proctor, and Simon Teasdale.
=264  \1$aBirmingham :$bThird Sector Research Centrew,$cAugust 2013.
=300  \\$a1 online resource (23 pages).
=336  \\$atext$2rdacontent
=337  \\$acomputer$2rdamedia
=338  \\$aonline resource$2rdacarrier
=490  0\$aThird Sector Research Centre working paper ;$v109
=504  \\$aIncludes bibliographical references.
=588  \\$aDescription based on online resource; title from PDF cover page (viewed on September 11, 2013).
=650  \0$aCharities$zGreat Britain.
=690  7\$aSocial Welfare$2blcoll
=710  2\$aThird Sector Research Centre,$epublisher.
=856  40$uhttp://www.tsrc.ac.uk/LinkClick.aspx?fileticket=jA%2byvi6YpEE%3d&tabid=500
=859  \\$aELD$bebook
=852  41$aBritish Library$bHMNTS$jELD Digital store
=CAT  \\$a10902$b40$c20130828$lBLL01$h1112
=CAT  \\$a10902$b40$c20130828$lBLL01$h1119
=CAT  \\$a11281$b40$c20130911$lBLL01$h0900
=CAT  \\$aWR14.047$c20140417$lBLL01$h1646
=CAT  \\$aW1611-0868$c20161114$lBLL01$h1415
=CAT  \\$aW1711-1225$c20171203$lBLL01$h1053
=FIN  \\$aY$d20130911
=STA  \\$aSUPPRESSED$bunable to determine reason for suppression
=LAS  \\$aW1711-1225$b00$c20171203$lBLL01$h1053

