=LDR  01130 am a22003133i 4500
=001  016484040
=003  Uk
=005  20130828111935.0
=006  m\\\\||\\d\|\\\\\\
=007  cr\|||||||||||
=008  130828s2013\\\\enk\\\\\o\\\\\0|0\0|eng\\
=FMT  \\$a  BK
=245  \0$aBeyond green niches? Growth strategies of environmentally-motivated social enterprises.
=264  \1$aBirmingham :$bThird Sector Research Centre,$c2013.
=336  \\$atext$2rdacontent
=337  \\$acomputer$2rdamedia
=338  \\$aonline resource$2rdacarrier
=490  0\$aWorking Paper ;$v108
=690  7\$aSocial Welfare$2blcoll
=856  40$uhttp://www.tsrc.ac.uk/LinkClick.aspx?fileticket=T30cqw%2bOyqk%3d&tabid=500
=859  \\$aELD$bebook
=852  41$aBritish Library$bHMNTS$jELD Digital store
=CAT  \\$a10902$b40$c20130828$lBLL01$h1115
=CAT  \\$a10902$b40$c20130828$lBLL01$h1119
=CAT  \\$aWR14.047$c20140417$lBLL01$h1646
=CAT  \\$aW1611-0868$c20161114$lBLL01$h1415
=CAT  \\$aW1711-1225$c20171203$lBLL01$h1053
=STA  \\$aSUPPRESSED$bunable to determine reason for suppression
=LAS  \\$aW1711-1225$b00$c20171203$lBLL01$h1053

