=LDR  01859 am a2200493 i 4500
=001  016484057
=003  Uk
=005  20130911105107.0
=006  m\\\\||\\d\|\\\\\\
=007  cr\|||||||||||
=008  130828s2013\\\\enk||||\o\\\\\0||\0|eng\\
=FMT  \\$a  BK
=015  \\$aGBB383710$2bnb
=040  \\$aUk$beng$cUk$erda
=042  \\$aukblsr
=082  04$a362.0425$223
=100  1\$aMiller, Robin,$d1968-$eauthor.
=245  10$aPersonalisation :$ba new dawn or the end of the road for third sector support for carers? /$cRobin Miller and Mary Larkin.
=264  \1$a[Birmingham] :$bTSRC,$cJuly 2013.
=300  \\$a1 online resource (4 unnumbered pages).
=336  \\$atext$2rdacontent
=337  \\$acomputer$2rdamedia
=338  \\$aonline resource$2rdacarrier
=490  1\$aBriefing Paper ;$v104
=588  \\$aDescription based on online resource; title from PDF cover page (viewed on September 11, 2013).
=650  \0$aCaregivers$xServices for$zEngland.
=650  \0$aCharities$zEngland.
=690  7\$aSocial Welfare.$2blcoll
=700  1\$aLarkin, Mary,$eauthor.
=710  2\$aThird Sector Research Centre,$epublisher.
=830  \0$aBriefing paper (Third Sector Research Centre) ;$v104.
=856  40$uhttp://www.tsrc.ac.uk/LinkClick.aspx?fileticket=rjIh7aXpO6w%3d&tabid=500
=859  \\$aELD$bebook
=852  41$aBritish Library$bHMNTS$jELD Digital store
=CAT  \\$a10902$b40$c20130828$lBLL01$h1130
=CAT  \\$a10902$b40$c20130828$lBLL01$h1137
=CAT  \\$a11281$b40$c20130911$lBLL01$h1029
=CAT  \\$a11281$b40$c20130911$lBLL01$h1051
=CAT  \\$aWR14.047$c20140417$lBLL01$h1646
=CAT  \\$aW1611-0868$c20161114$lBLL01$h1415
=CAT  \\$aW1711-1225$c20171203$lBLL01$h1053
=FIN  \\$aY$d20130911
=STA  \\$aSUPPRESSED$bunable to determine reason for suppression
=LAS  \\$aW1711-1225$b00$c20171203$lBLL01$h1053

