=LDR  02088 am a2200481 i 4500
=001  016484105
=003  Uk
=005  20130916131218.0
=006  m\\\\||\\d\|\\\\\\
=007  cr\|||||||||||
=008  130828s2013\\\\enk||||\ob\\\o0||\0|eng\\
=FMT  \\$a  BK
=015  \\$aGBB383726$2bnb
=040  \\$aUk$beng$cUk$erda
=042  \\$aukblsr
=082  04$a616.029$223
=100  1\$aParry, Ruth$c(Healthcare researcher),$eauthor.
=245  10$aRAPID EVIDENCE REVIEW :$bPATHWAYS FOCUSED ON THE DYING PHASE IN END OF LIFE CARE AND THEIR KEY COMPONENTS /$cDr Ruth Parry, Professor Jane Seymour, Mrs Becky Whittaker, Dr Lydia Bird, Professor Karen Cox.
=246  30$aPATHWAYS FOCUSED ON THE DYING PHASE IN END OF LIFE CARE AND THEIR KEY COMPONENTS
=250  \\$aVersion 1.0.
=264  \1$a[London] :$bNHS National End of Life Care Programme,$cMarch 2013.
=300  \\$a1 online resource (35 pages)
=336  \\$atext$2rdacontent
=337  \\$acomputer$2rdamedia
=338  \\$aonline resource$2rdacarrier
=504  \\$aIncludes bibliographical references.
=588  \\$aDescription based on online resource; title from PDF cover page (viewed on September 11, 2013).
=650  \0$aTerminal care$zGreat Britain.
=690  7\$aSocial Welfare$2blcoll
=710  2\$aNational End of Life Care Programme (England),$epublisher.
=710  2\$aSue Ryder Care Centre for the Study of Supportive, Palliative and End of Life Care.
=856  40$uhttps://www.gov.uk/government/uploads/system/uploads/attachment_data/file/212451/review_academic_literature_on_end_of_life.pdf
=859  \\$aELD$bebook
=852  41$aBritish Library$bHMNTS$jELD Digital store
=CAT  \\$a10902$b40$c20130828$lBLL01$h1209
=CAT  \\$a11281$b40$c20130911$lBLL01$h1342
=CAT  \\$a7332$b40$c20130916$lBLL01$h1312
=CAT  \\$aWR14.047$c20140417$lBLL01$h1646
=CAT  \\$aW1611-0868$c20161114$lBLL01$h1415
=CAT  \\$aW1711-1225$c20171203$lBLL01$h1053
=FIN  \\$aY$d20130911
=STA  \\$aSUPPRESSED$bunable to determine reason for suppression
=LAS  \\$aW1711-1225$b00$c20171203$lBLL01$h1053

