=LDR  01844 am a2200481 i 4500
=001  016484148
=003  Uk
=005  20130916125753.0
=006  m\\\\||\\d\|\\\\\\
=007  cr\|||||||||||
=008  130828s2013\\\\enka|||\ob\\\\0||\0|eng\\
=FMT  \\$a  BK
=015  \\$aGBB383733$2bnb
=020  \\$z9781907635335
=040  \\$aUk$beng$cUk$erda
=042  \\$aukblsr
=082  04$a362.10681$223
=100  1\$aBeer, Gail,$eauthor.
=245  10$aPersonal Health Budgets :$ba revolution in personalisation /$cGail Beer, Jon Paxman, Charlotte Morris.
=264  \1$aLondon :$b2020 Health,$cJuly 2013.
=300  \\$a1 online resource (58 pages) :$billustrations (colour)
=336  \\$atext$2rdacontent
=337  \\$acomputer$2rdamedia
=338  \\$aonline resource$2rdacarrier
=504  \\$aIncludes bibliographical references.
=588  \\$aDescription based on online resource; title from PDF cover page (viewed on September 11, 2013).
=650  \0$aPrimary care (Medicine)$zGreat Britain$xFinance.
=690  7\$aSocial Welfare$2blcoll
=700  1\$aPaxman, Jon$c(Health researcher),$eauthor.
=700  1\$aMorris, Charlotte,$eauthor.
=710  2\$a2020health (Think tank),$epublisher.
=856  4\$uhttp://www.2020health.org/2020health/Publications/Publications-2013/PHB--a-revolution-in-personalisation.html
=859  \\$aELD$bebook
=852  41$aBritish Library$bHMNTS$jELD Digital store
=CAT  \\$a10902$b40$c20130828$lBLL01$h1310
=CAT  \\$a11281$b40$c20130911$lBLL01$h1404
=CAT  \\$a7332$b40$c20130916$lBLL01$h1257
=CAT  \\$aWR14.047$c20140417$lBLL01$h1646
=CAT  \\$aW1611-0868$c20161114$lBLL01$h1415
=CAT  \\$aW1711-1225$c20171203$lBLL01$h1054
=FIN  \\$aY$d20130911
=STA  \\$aSUPPRESSED$bunable to determine reason for suppression
=LAS  \\$aW1711-1225$b00$c20171203$lBLL01$h1054

