=LDR  01662 am a2200433 i 4500
=001  016484152
=003  Uk
=005  20130911143506.0
=006  m\\\\||\\d\|\\\\\\
=007  cr\|||||||||||
=008  130828s2013\\\\enk||||\ob\\\o0||\0|eng\\
=FMT  \\$a  BK
=015  \\$aGBB383740$2bnb
=040  \\$aUk$beng$cUk$erda
=042  \\$aukblsr
=082  04$a362.1068$223
=100  1\$aKeogh, Bruce,$eauthor.
=245  10$aReview into the quality of care and treatment provided by 14 hospital trusts in England :$boverview report /$cProfessor Sir Bruce Keogh KBE.
=264  \1$a[London] :$bNHS,$c16 July 2013.
=300  \\$a1 online resource (61 pages)
=336  \\$atext$2rdacontent
=337  \\$acomputer$2rdamedia
=338  \\$aonline resource$2rdacarrier
=504  \\$aIncludes bibliographical references.
=588  \\$aDescription based on online resource; title from PDF cover page (viewed on September 11, 2013).
=650  \0$aMedical care$zEngland$xEvaluation.
=690  7\$aSocial Welfare$2blcoll
=710  1\$aGreat Britain.$bNational Health Service,$epublisher.
=856  40$uhttp://www.nhs.uk/NHSEngland/bruce-keogh-review/Documents/outcomes/keogh-review-final-report.pdf
=859  \\$aELD$bebook
=852  41$aBritish Library$bHMNTS$jELD Digital store
=CAT  \\$a10902$b40$c20130828$lBLL01$h1317
=CAT  \\$a11281$b40$c20130911$lBLL01$h1435
=CAT  \\$aWR14.047$c20140417$lBLL01$h1646
=CAT  \\$aW1611-0868$c20161114$lBLL01$h1415
=CAT  \\$aW1711-1225$c20171203$lBLL01$h1054
=FIN  \\$aY$d20130911
=STA  \\$aSUPPRESSED$bunable to determine reason for suppression
=LAS  \\$aW1711-1225$b00$c20171203$lBLL01$h1054

