=LDR  01046 am a22002773i 4500
=001  016484230
=003  Uk
=005  20130828141317.0
=006  m\\\\||\\d\|\\\\\\
=007  cr\|||||||||||
=008  130828s2013\\\\enk\\\\\o\\\\\0|0\0|eng\\
=FMT  \\$a  BK
=245  \2$aA Consultation on the future use of resources devolved following the UK Government's decision to close the Independent Living Fund :$b(August-November 2013).
=264  \1$aEdinburgh :$bScottish Government,$c2013.
=336  \\$atext$2rdacontent
=337  \\$acomputer$2rdamedia
=338  \\$aonline resource$2rdacarrier
=856  40$uhttp://www.scotland.gov.uk/Resource/0043/00430097.pdf
=859  \\$aELD$bebook
=852  41$aBritish Library$bHMNTS$jELD Digital store
=CAT  \\$a10902$b40$c20130828$lBLL01$h1413
=CAT  \\$aWR14.047$c20140417$lBLL01$h1646
=CAT  \\$aW1611-0868$c20161114$lBLL01$h1415
=CAT  \\$aW1711-1225$c20171203$lBLL01$h1054
=STA  \\$aSUPPRESSED$bunable to determine reason for suppression
=LAS  \\$aW1711-1225$b00$c20171203$lBLL01$h1054

