=LDR  01834 am a2200469 i 4500
=001  016484262
=003  Uk
=005  20130916110133.0
=006  m\\\\||\\d\|\\\\\\
=007  cr\|||||||||||
=008  130828s2013\\\\enk||||\ob\\\o0||\0|eng\\
=FMT  \\$a  BK
=015  \\$aGBB383771$2bnb
=040  \\$aUk$beng$cUk$erda
=042  \\$aukblsr
=082  04$a658.408$223
=100  1\$aMartin, Maximilian,$eauthor.
=245  10$aStatus of the Social Impact Investing Market :$bA Primer : Prepared for the UK Cabinet Office /$cBy Dr Maximilian Martin, Impact Economy.
=264  \1$a[London] :$bCabinet Office,$cJune 2013.
=300  \\$a1 online resource (13 pages)
=336  \\$atext$2rdacontent
=337  \\$acomputer$2rdamedia
=338  \\$aonline resource$2rdacarrier
=504  \\$aIncludes bibliographical references.
=588  \\$aDescription based on online resource; title from PDF cover page (viewed on September 12, 2013).
=650  \0$aSocial responsibility of business.
=650  \0$aSocial entrepreneurship.
=690  7\$aSocial Welfare$2blcoll
=710  1\$aGreat Britain.$bCabinet Office,$epublisher.
=710  2\$aImpact Economy (Firm)
=856  40$uhttps://www.gov.uk/government/uploads/system/uploads/attachment_data/file/212511/Status_of_the_Social_Impact_Investing_Market_-_A_Primer.pdf
=859  \\$aELD$bebook
=852  41$aBritish Library$bHMNTS$jELD Digital store
=CAT  \\$a10902$b40$c20130828$lBLL01$h1439
=CAT  \\$a11281$b40$c20130912$lBLL01$h0908
=CAT  \\$a7332$b40$c20130916$lBLL01$h1101
=CAT  \\$aWR14.047$c20140417$lBLL01$h1646
=CAT  \\$aW1611-0868$c20161114$lBLL01$h1415
=CAT  \\$aW1711-1225$c20171203$lBLL01$h1054
=FIN  \\$aY$d20130912
=STA  \\$aSUPPRESSED$bunable to determine reason for suppression
=LAS  \\$aW1711-1225$b00$c20171203$lBLL01$h1054

