=LDR  01053 am a22002893i 4500
=001  016484755
=003  Uk
=005  20130829154216.0
=006  m\\\\||\\d\|\\\\\\
=007  cr\|||||||||||
=008  130829s2013\\\\enk\\\\\o\\\\\0|0\0|eng\\
=FMT  \\$a  BK
=245  00$aCare Bill :$bImpact assessments - a summary and overview.
=264  \1$aLondon :$bDepartment of Health,$c[2013]
=336  \\$atext$2rdacontent
=337  \\$acomputer$2rdamedia
=338  \\$aonline resource$2rdacarrier
=690  7\$aSocial Welfare$2blcoll
=856  40$uhttps://www.gov.uk/government/uploads/system/uploads/attachment_data/file/197937/Care_Bill_IAs_-_summary_document__v1_.pdf
=859  \\$aELD$bebook
=852  41$aBritish Library$bHMNTS$jELD Digital store
=CAT  \\$a11384$b40$c20130829$lBLL01$h1542
=CAT  \\$aWR14.047$c20140417$lBLL01$h1646
=CAT  \\$aW1611-0868$c20161114$lBLL01$h1415
=CAT  \\$aW1711-1225$c20171203$lBLL01$h1054
=STA  \\$aSUPPRESSED$bunable to determine reason for suppression
=LAS  \\$aW1711-1225$b00$c20171203$lBLL01$h1054

