=LDR  01079 am a22003013i 4500
=001  016485031
=003  Uk
=005  20130830101430.0
=006  m\\\\||\\d\|\\\\\\
=007  cr\|||||||||||
=008  130830s2013\\\\enk\\\\\o\\\\\0|0\0|eng\\
=FMT  \\$a  BK
=245  \4$aThe Care Bill - false or misleading information
=264  \1$aLondon :$bDepartment of Health,$c2013
=336  \\$atext$2rdacontent
=337  \\$acomputer$2rdamedia
=338  \\$aonline resource$2rdacarrier
=490  0\$aFactsheet ;$v14
=690  7\$aSocial Welfare$2blcoll
=856  40$uhttps://www.gov.uk/government/uploads/system/uploads/attachment_data/file/198111/9644-2901190-TSO-Factsheet14-ACCESSIBLE.PDF.PDF
=859  \\$aELD$bebook
=852  41$aBritish Library$bHMNTS$jELD Digital store
=CAT  \\$a10983$b40$c20130830$lBLL01$h1014
=CAT  \\$aWR14.047$c20140417$lBLL01$h1646
=CAT  \\$aW1611-0868$c20161114$lBLL01$h1415
=CAT  \\$aW1711-1225$c20171203$lBLL01$h1054
=STA  \\$aSUPPRESSED$bunable to determine reason for suppression
=LAS  \\$aW1711-1225$b00$c20171203$lBLL01$h1054

