=LDR  01225 am a22003373i 4500
=001  016487573
=003  Uk
=005  20130902140001.0
=006  m\\\\||\\d\|\\\\\\
=007  cr\|||||||||||
=008  130902s2013\\\\enk\\\\\o\\\\\0|0\0|eng\\
=FMT  \\$a  BK
=245  \0$aSocial care for older people :$bUsing data from the VFM Profiles.
=264  \1$aLondon :$bAudit Commission,$c[2013?]
=336  \\$atext$2rdacontent
=337  \\$acomputer$2rdamedia
=338  \\$aonline resource$2rdacarrier
=500  \\$aPublished July 2013.
=690  7\$aSocial Welfare$2blcoll
=856  40$uhttp://www.audit-commission.gov.uk/wp-content/uploads/2013/06/Social-care-briefing-v-FINAL-16-July-2013.pdf
=859  \\$aELD$bebook
=852  41$aBritish Library$bHMNTS$jELD Digital store
=CAT  \\$a10876$b40$c20130902$lBLL01$h1326
=CAT  \\$a10876$b40$c20130902$lBLL01$h1332
=CAT  \\$a10876$b40$c20130902$lBLL01$h1334
=CAT  \\$a10876$b40$c20130902$lBLL01$h1400
=CAT  \\$aWR14.047$c20140417$lBLL01$h1646
=CAT  \\$aW1611-0868$c20161114$lBLL01$h1415
=CAT  \\$aW1711-1225$c20171203$lBLL01$h1054
=STA  \\$aSUPPRESSED$bunable to determine reason for suppression
=LAS  \\$aW1711-1225$b00$c20171203$lBLL01$h1054

