=LDR  01083 am a22003013i 4500
=001  016487622
=003  Uk
=005  20130902140704.0
=006  m\\\\||\\d\|\\\\\\
=007  cr\|||||||||||
=008  130902s2013\\\\enk\\\\\o\\\\\0|0\0|eng\\
=FMT  \\$a  BK
=245  \4$aThe national curriculum in England :$bFramework document.
=264  \1$aLondon :$bDepartment for Education,$c2013.
=336  \\$atext$2rdacontent
=337  \\$acomputer$2rdamedia
=338  \\$aonline resource$2rdacarrier
=500  \\$aPublished July 2013.
=690  7\$aSocial Welfare$2blcoll
=856  40$uhttps://www.gov.uk/government/uploads/system/uploads/attachment_data/file/210969/NC_framework_document_-_FINAL.pdf
=859  \\$aELD$bebook
=852  41$aBritish Library$bHMNTS$jELD Digital store
=CAT  \\$a10876$b40$c20130902$lBLL01$h1407
=CAT  \\$aWR14.047$c20140417$lBLL01$h1646
=CAT  \\$aW1611-0868$c20161114$lBLL01$h1415
=CAT  \\$aW1711-1225$c20171203$lBLL01$h1054
=STA  \\$aSUPPRESSED$bunable to determine reason for suppression
=LAS  \\$aW1711-1225$b00$c20171203$lBLL01$h1054

