=LDR  01171 am a22003373i 4500
=001  016487654
=003  Uk
=005  20191031161821.0
=006  m\\\\||\\d\|\\\\\\
=007  cr\|||||||||||
=008  130902s\\\\\\\\enk\\\\\o\\\\\0|0\0|eng\\
=FMT  \\$a  BK
=020  \\$z9781909274051
=245  \0$aMeasuring what matters :$bsecondary school accountability indicators that benefit all.
=264  \1$aLondon :$bCentreForum,$c2013
=336  \\$atext$2rdacontent
=337  \\$acomputer$2rdamedia
=338  \\$aonline resource$2rdacarrier
=500  \\$aPublished August 2013.
=690  7\$aSocial Welfare$2blcoll
=856  40$uhttp://www.centreforum.org/assets/pubs/measuring-what-matters.pdf
=859  \\$aELD$bebook
=852  41$aBritish Library$bHMNTS$jELD Digital store
=CAT  \\$a10876$b40$c20130902$lBLL01$h1421
=CAT  \\$aWR14.047$c20140417$lBLL01$h1646
=CAT  \\$aW1611-0868$c20161114$lBLL01$h1415
=CAT  \\$aW1711-1225$c20171203$lBLL01$h1054
=CAT  \\$a8128$b90$c20190923$lBLL01$h1522
=CAT  \\$a8128$b40$c20191031$lBLL01$h1618
=STA  \\$aSUPPRESSED$bunable to determine reason for suppression
=LAS  \\$a8128$b40$c20191031$lBLL01$h1618

