=LDR  00973 am a22002773i 4500
=001  016487763
=003  Uk
=005  20130902143554.0
=006  m\\\\||\\d\|\\\\\\
=007  cr\|||||||||||
=008  130902s2013\\\\enk\\\\\o\\\\\0|0\0|eng\\
=FMT  \\$a  BK
=245  \0$aHelping the inbetweeners :$bEnsuring careers advice improves the options for all young people.
=264  \1$aIlford :$bBarnardo's,$c2013.
=336  \\$atext$2rdacontent
=337  \\$acomputer$2rdamedia
=338  \\$aonline resource$2rdacarrier
=856  40$uhttp://www.barnardos.org.uk/helping_the_in_betweeners.pdf
=859  \\$aELD$bebook
=852  41$aBritish Library$bHMNTS$jELD Digital store
=CAT  \\$a10876$b40$c20130902$lBLL01$h1435
=CAT  \\$aWR14.047$c20140417$lBLL01$h1646
=CAT  \\$aW1611-0868$c20161114$lBLL01$h1415
=CAT  \\$aW1711-1225$c20171203$lBLL01$h1054
=STA  \\$aSUPPRESSED$bunable to determine reason for suppression
=LAS  \\$aW1711-1225$b00$c20171203$lBLL01$h1054

