=LDR  02007 am a22005053i 4500
=001  016488117
=003  Uk
=005  20130918104315.0
=006  m\\\\||\\d\|\\\\\\
=007  cr\|||||||||||
=008  130903s2013\\\\stka\\\\ob\\\\0|0\0|eng\\
=FMT  \\$a  BK
=015  \\$aGBB381347$2bnb
=040  \\$aUk$beng$cUk$erda
=042  \\$aukblsr
=082  04$a339.0941$223
=100  1\$aCuthbert, Margaret,$eauthor.
=245  14$aThe dysfunctional UK economy :$ba macroeconomic assesment of whether the UK economy is strong and secure /$cMargaret Cuthbert.
=264  \1$a[Biggar] :$bJimmy Reid Foundation,$cJune 2013.
=300  \\$a1 online resource (29 unnumbered pages) :$billustrations (colour)
=336  \\$atext$2rdacontent
=337  \\$acomputer$2rdamedia
=338  \\$aonline resource$2rdacarrier
=500  \\$a"A paper from the Jimmy Reid Foundation."
=504  \\$aIncludes bibliographical references.
=588  \\$aDescription based on online resource; title from PDF caption title (viewed on September 6, 2013).
=651  \0$aGreat Britain$xEconomic conditions$y20th century.
=651  \0$aGreat Britain$xEconomic conditions$y21st century.
=651  \0$aScotland$xEconomic conditions$y20th century.
=651  \0$aScotland$xEconomic conditions$y21st century.
=651  \0$aGreat Britain$xEconomic policy.
=690  7\$aSocial Welfare$2blcoll
=710  2\$aJimmy Reid Foundation.
=856  40$uhttp://reidfoundation.org/wp-content/uploads/2013/06/Dysfunction1.pdf
=859  \\$aELD$bebook
=852  41$aBritish Library$bHMNTS$jELD Digital store
=CAT  \\$a12664$b40$c20130903$lBLL01$h0950
=CAT  \\$a8141$b40$c20130906$lBLL01$h1507
=CAT  \\$a7332$b40$c20130918$lBLL01$h1043
=CAT  \\$aWR14.047$c20140417$lBLL01$h1646
=CAT  \\$aW1611-0868$c20161114$lBLL01$h1415
=CAT  \\$aW1711-1225$c20171203$lBLL01$h1054
=FIN  \\$aY$d20130906
=STA  \\$aSUPPRESSED$bunable to determine reason for suppression
=LAS  \\$aW1711-1225$b00$c20171203$lBLL01$h1054

