=LDR  01049 am a22002893i 4500
=001  016488121
=003  Uk
=005  20130903095559.0
=006  m\\\\||\\d\|\\\\\\
=007  cr\|||||||||||
=008  130903s2013\\\\enk\\\\\o\\\\\0|0\0|eng\\
=FMT  \\$a  BK
=245  \4$aThe Mismanagement of Britain :$bA record of the UK's declining competitiveness - and its implications
=264  \1$aBiggar :$bThe Jimmy Reid Foundation,$c2013.
=336  \\$atext$2rdacontent
=337  \\$acomputer$2rdamedia
=338  \\$aonline resource$2rdacarrier
=690  7\$aSocial Welfare$2blcoll
=856  40$uhttp://reidfoundation.org/wp-content/uploads/2013/04/Mismanagement.pdf
=859  \\$aELD$bebook
=852  41$aBritish Library$bHMNTS$jELD Digital store
=CAT  \\$a12664$b40$c20130903$lBLL01$h0955
=CAT  \\$aWR14.047$c20140417$lBLL01$h1646
=CAT  \\$aW1611-0868$c20161114$lBLL01$h1415
=CAT  \\$aW1711-1225$c20171203$lBLL01$h1054
=STA  \\$aSUPPRESSED$bunable to determine reason for suppression
=LAS  \\$aW1711-1225$b00$c20171203$lBLL01$h1054

