=LDR  01172 am a22003013i 4500
=001  016488203
=003  Uk
=005  20130903114249.0
=006  m\\\\||\\d\|\\\\\\
=007  cr\|||||||||||
=008  130903s2013\\\\enk\\\\\o\\\\\0|0\0|eng\\
=FMT  \\$a  BK
=245  \0$aEmpowering councils to make a difference :$bAnnex : case studies on how councils are using the General Power of Competence to bring about change and innovation
=264  \1$aLondon :$bLocal Government Association,$c2013.
=336  \\$atext$2rdacontent
=337  \\$acomputer$2rdamedia
=338  \\$aonline resource$2rdacarrier
=500  \\$a"L13-564."
=690  7\$aSocial Welfare$2blcoll
=856  40$uhttp://www.local.gov.uk/c/document_library/get_file?uuid=43235143-ef3b-4d5d-8f59-3ae926c4a788&groupId=10171
=859  \\$aELD$bebook
=852  41$aBritish Library$bHMNTS$jELD Digital store
=CAT  \\$a12664$b40$c20130903$lBLL01$h1142
=CAT  \\$aWR14.047$c20140417$lBLL01$h1646
=CAT  \\$aW1611-0868$c20161114$lBLL01$h1415
=CAT  \\$aW1711-1225$c20171203$lBLL01$h1054
=STA  \\$aSUPPRESSED$bunable to determine reason for suppression
=LAS  \\$aW1711-1225$b00$c20171203$lBLL01$h1054

