=LDR  01184 am a22002893i 4500
=001  016488219
=003  Uk
=005  20130903115211.0
=006  m\\\\||\\d\|\\\\\\
=007  cr\|||||||||||
=008  130903s2013\\\\enk\\\\\o\\\\\0|0\0|eng\\
=FMT  \\$a  BK
=245  \0$aWhose Home? :$bAn investigation of young people's attitudes to the cost of higher education using the Understanding landlords and their effect on public policy.
=264  \1$aLondon :$bStrategic Society Centre,$c2013.
=336  \\$atext$2rdacontent
=337  \\$acomputer$2rdamedia
=338  \\$aonline resource$2rdacarrier
=690  7\$aSocial Welfare$2blcoll
=856  40$uhttp://www.strategicsociety.org.uk/wp-content/uploads/2013/07/Lloyd-J-2013-Whose-Home-Understanding-landlords-and-their-effect-on-public-policy.pdf
=859  \\$aELD$bebook
=852  41$aBritish Library$bHMNTS$jELD Digital store
=CAT  \\$a12664$b40$c20130903$lBLL01$h1152
=CAT  \\$aWR14.047$c20140417$lBLL01$h1646
=CAT  \\$aW1611-0868$c20161114$lBLL01$h1415
=CAT  \\$aW1711-1225$c20171203$lBLL01$h1054
=STA  \\$aSUPPRESSED$bunable to determine reason for suppression
=LAS  \\$aW1711-1225$b00$c20171203$lBLL01$h1054

