=LDR  01129 am a22003013i 4500
=001  016491328
=003  Uk
=005  20130905113121.0
=006  m\\\\||\\d\|\\\\\\
=007  cr\|||||||||||
=008  130905s2013\\\\enk\\\\\o\\\\\0|0\0|eng\\
=FMT  \\$a  BK
=245  \0$aBoom-time for legal loan sharks :$bHow deregulation, market failure and a crisis in wages has led to the rise of payday lenders.
=264  \1$aLondon :$bThe Centre for Labour and Social Studies (Class),$c2013
=336  \\$atext$2rdacontent
=337  \\$acomputer$2rdamedia
=338  \\$aonline resource$2rdacarrier
=490  0\$aPolicy Paper
=690  7\$aSocial Welfare$2blcoll
=856  40$uhttp://classonline.org.uk/docs/2013.07_boom-time_for_legal_loan_sharks.pdf
=859  \\$aELD$bebook
=852  41$aBritish Library$bHMNTS$jELD Digital store
=CAT  \\$a11384$b40$c20130905$lBLL01$h1131
=CAT  \\$aWR14.047$c20140417$lBLL01$h1646
=CAT  \\$aW1611-0868$c20161114$lBLL01$h1415
=CAT  \\$aW1711-1225$c20171203$lBLL01$h1054
=STA  \\$aSUPPRESSED$bunable to determine reason for suppression
=LAS  \\$aW1711-1225$b00$c20171203$lBLL01$h1054

