=LDR  01177 am a22003133i 4500
=001  016491452
=003  Uk
=005  20130905141804.0
=006  m\\\\||\\d\|\\\\\\
=007  cr\|||||||||||
=008  130905s2013\\\\enk\\\\\o\\\\\0|0\0|eng\\
=FMT  \\$a  BK
=245  \4$aThe MAGIC programme: evaluation :$bAn independent evaluation of the MAGIC (Making good decisions in collaboration) improvement programme.
=264  \1$aLondon :$bThe Health Foundation,$c2013
=336  \\$atext$2rdacontent
=337  \\$acomputer$2rdamedia
=338  \\$aonline resource$2rdacarrier
=490  0\$aEvaluation
=690  7\$aSocial Welfare$2blcoll
=856  40$uhttp://www.health.org.uk/public/cms/75/76/313/4173/MAGIC%20evaluation.pdf?realName=hrsgE6.pdf
=859  \\$aELD$bebook
=852  41$aBritish Library$bHMNTS$jELD Digital store
=CAT  \\$a11384$b40$c20130905$lBLL01$h1414
=CAT  \\$a11384$b40$c20130905$lBLL01$h1418
=CAT  \\$aWR14.047$c20140417$lBLL01$h1646
=CAT  \\$aW1611-0868$c20161114$lBLL01$h1415
=CAT  \\$aW1711-1225$c20171203$lBLL01$h1054
=STA  \\$aSUPPRESSED$bunable to determine reason for suppression
=LAS  \\$aW1711-1225$b00$c20171203$lBLL01$h1054

