=LDR  01624 am a2200421 i 4500
=001  016491820
=003  Uk
=005  20130912093005.0
=006  m\\\\||\\d\|\\\\\\
=007  cr\|||||||||||
=008  130906s2013\\\\enka|||\ob\\\o0||\0|eng\\
=FMT  \\$a  BK
=015  \\$aGBB383779$2bnb
=040  \\$aUk$beng$cUk$erda
=042  \\$aukblsr
=082  04$a363.12265$223
=110  1\$aGreat Britain.$bRail Accident Investigation Branch,$eauthor.
=245  10$aTrain ran onto a washed-out embankment near Knockmore, Northern Ireland :$b28 June 2012.
=264  \1$aDerby :$bRAIB,$cSeptember 2013.
=300  \\$a1 online resource (48 pages) :$billustrations (colour).
=336  \\$atext$2rdacontent
=337  \\$acomputer$2rdamedia
=338  \\$aonline resource$2rdacarrier
=490  0\$aRail Accident Report ;$v14/2013
=504  \\$aIncludes bibliographical references.
=588  \\$aDescription based on online resource; title from PDF cover page (viewed on September 12, 2013).
=650  \0$aRailroad accidents$xInvestigation$zNorthern Ireland$zKnockmore.
=856  40$uhttp://www.raib.gov.uk/cms_resources.cfm?file=/130902_R142013_Knockmore.pdf
=859  \\$aELD$bebook
=852  41$aBritish Library$bHMNTS$jELD Digital store
=CAT  \\$a10902$b40$c20130906$lBLL01$h1431
=CAT  \\$a11281$b40$c20130912$lBLL01$h0930
=CAT  \\$aWR14.047$c20140417$lBLL01$h1646
=CAT  \\$aW1611-0868$c20161114$lBLL01$h1415
=CAT  \\$aW1711-1225$c20171203$lBLL01$h1054
=FIN  \\$aY$d20130912
=STA  \\$aSUPPRESSED$bunable to determine reason for suppression
=LAS  \\$aW1711-1225$b00$c20171203$lBLL01$h1054

