=LDR  02058 am a2200493 i 4500
=001  016492995
=003  Uk
=005  20130916101125.0
=006  m\\\\||\\d\|\\\\\\
=007  cr\|||||||||||
=008  130909s2013\\\\enka|||\ob\\\o0||\0|eng\\
=FMT  \\$a  BK
=015  \\$aGBB383794$2bnb
=040  \\$aUk$beng$cUk$erda
=042  \\$aukblsr
=082  04$a616.462$223
=100  1\$aWaugh, N.,$eauthor.
=245  10$aScreening for type 2 diabetes :$ba short report for the National Screening Committee /$cNR Waugh, D Shyangdan, S Taylor-Phillips, G Suri and B Hall.
=264  \1$a[Southampton] :$bNIHR Journals Library,$cAugust 2013.
=300  \\$a1 online resource (xv, 89 pages) :$billustrations (black and white).
=336  \\$atext$2rdacontent
=337  \\$acomputer$2rdamedia
=338  \\$aonline resource$2rdacarrier
=490  1\$aHealth Technology Assessment,$x2046-4924 ;$vVolume 17 Issue 35
=504  \\$aIncludes bibliographical references.
=588  \\$aDescription based on online resource; title from PDF cover page (viewed on September 12, 2013).
=650  \0$aDiabetes$zGreat Britain.
=650  \0$aMedical screening$zGreat Britain.
=710  2\$aNIHR Journals Library,$epublisher.
=710  2\$aNational Institute for Health Research (Great Britain)
=830  \0$aHealth Technology Assessment (Winchester, England),$x1366-5278 ;$vVolume 17 Issue 35.
=856  40$uhttp://www.journalslibrary.nihr.ac.uk/__data/assets/pdf_file/0003/77277/FullReport-hta17350.pdf
=859  \\$aELD$bebook
=852  41$aBritish Library$bHMNTS$jELD Digital store
=CAT  \\$a10902$b40$c20130909$lBLL01$h0837
=CAT  \\$a11281$b40$c20130912$lBLL01$h1108
=CAT  \\$a7332$b40$c20130916$lBLL01$h1010
=CAT  \\$a7332$b40$c20130916$lBLL01$h1011
=CAT  \\$aWR14.047$c20140417$lBLL01$h1646
=CAT  \\$aW1611-0868$c20161114$lBLL01$h1415
=CAT  \\$aW1711-1225$c20171203$lBLL01$h1054
=FIN  \\$aY$d20130912
=STA  \\$aSUPPRESSED$bunable to determine reason for suppression
=LAS  \\$aW1711-1225$b00$c20171203$lBLL01$h1054

