=LDR  02000 am a2200505 i 4500
=001  016493034
=003  Uk
=005  20180320101141.0
=006  m\\\\||\\d\|\\\\\\
=007  cr\|||||||||||
=008  130909s2013\\\\enka|||\ob\\\\0||\0|eng\\
=FMT  \\$a  BK
=015  \\$aGBB383837$2bnb
=040  \\$aUk$beng$cUk$erda
=042  \\$aukblsr
=082  04$a338.6420941$223
=100  1\$aLee, Neil$c(Economist),$eauthor.
=245  10$aCredit and the crisis :$bAccess to finance for innovative small firms since the recession /$cNeil Lee, Hiba Sameen and Lloyd Martin.
=264  \1$a[London] :$bBig Innovation Centre,$cJune 2013.
=300  \\$a1 online resource (25 pages) :$b1 illustration (colour)
=336  \\$atext$2rdacontent
=337  \\$acomputer$2rdamedia
=338  \\$aonline resource$2rdacarrier
=504  \\$aIncludes bibliographical references.
=588  \\$aDescription based on online resource; title from PDF cover page (viewed on September 12, 2013).
=650  \0$aSmall business$xFinance$zGreat Britain.
=650  \0$aCredit management$zGreat Britain.
=690  7\$aManagement and Business Studies$2blcoll
=700  1\$aSameen, Hiba,$eauthor.
=700  1\$aMartin, Lloyd$c(Research intern),$eauthor.
=710  2\$aBig Innovation Centre,$epublisher.
=856  40$uhttp://www.biginnovationcentre.com/Assets/Docs/Reports/SME%20Finance%20BIC%20version%20FINAL.pdf
=859  \\$aELD$bebook
=852  41$aBritish Library$bHMNTS$jELD Digital store
=CAT  \\$a10902$b40$c20130909$lBLL01$h0933
=CAT  \\$a11281$b40$c20130912$lBLL01$h1420
=CAT  \\$a11281$b40$c20130912$lBLL01$h1421
=CAT  \\$a7332$b40$c20130916$lBLL01$h0823
=CAT  \\$aWR14.047$c20140417$lBLL01$h1646
=CAT  \\$aW1611-0868$c20161114$lBLL01$h1415
=CAT  \\$aW1711-1225$c20171203$lBLL01$h1054
=CAT  \\$a9572$b40$c20180320$lBLL01$h1011
=FIN  \\$aY$d20130912
=STA  \\$aSUPPRESSED$bunable to determine reason for suppression
=LAS  \\$a9572$b40$c20180320$lBLL01$h1011

