=LDR  01741 am a2200445 i 4500
=001  016493036
=003  Uk
=005  20130925123049.0
=006  m\\\\||\\d\|\\\\\\
=007  cr\|||||||||||
=008  130909s2013\\\\enka|||\ob\\\\0||\0|eng\\
=FMT  \\$a  BK
=015  \\$aGBB388508$2bnb
=040  \\$aUk$beng$cUk$erda
=042  \\$aukblsr
=082  04$a351.02854678$223
=100  1\$aSousa, Sonia,$eauthor.
=245  10$aLessons learnt from a public-private big data hackathon /$cSonia Sousa.
=264  \1$aLondon :$bBig Innovation Centre,$cJuly 2013.
=300  \\$a1 online resource (28 pages) :$billustrations (colour)
=336  \\$atext$2rdacontent
=337  \\$acomputer$2rdamedia
=338  \\$aonline resource$2rdacarrier
=504  \\$aIncludes bibliographical references.
=588  \\$aDescription based on online resource; title from PDF cover page (viewed on September 25, 2013).
=650  \0$aInternet in public administration$zGreat Britain$xCitizen participation.
=650  \0$aLocal government$zGreat Britain$xInformation services.
=690  7\$aManagement and Business Studies$2blcoll
=710  2\$aBig Innovation Centre,$epublisher.
=856  40$uhttp://www.biginnovationcentre.com/Assets/Docs/Reports/Hackday%20Lessons%20Learnt_final.pdf
=859  \\$aELD$bebook
=852  41$aBritish Library$bHMNTS$jELD Digital store
=CAT  \\$a10902$b40$c20130909$lBLL01$h0937
=CAT  \\$a11281$b40$c20130925$lBLL01$h1230
=CAT  \\$aWR14.047$c20140417$lBLL01$h1646
=CAT  \\$aW1611-0868$c20161114$lBLL01$h1415
=CAT  \\$aW1711-1225$c20171203$lBLL01$h1054
=FIN  \\$aY$d20130925
=STA  \\$aSUPPRESSED$bunable to determine reason for suppression
=LAS  \\$aW1711-1225$b00$c20171203$lBLL01$h1054

