=LDR  01806 am a2200457 i 4500
=001  016493039
=003  Uk
=005  20130912155657.0
=006  m\\\\||\\d\|\\\\\\
=007  cr\|||||||||||
=008  130909s2013\\\\enka|||\ob\\\\0||\0|eng\\
=FMT  \\$a  BK
=015  \\$aGBB383848$2bnb
=040  \\$aUk$beng$cUk$erda
=042  \\$aukblsr
=082  04$a330.941$223
=100  1\$aLevy, Charles,$d1981-$eauthor.
=245  12$aA manifesto for innovation and growth :$bA submission to the 2013 Spending Review /$cCharles Levy and Ian Brinkley.
=264  \1$a[London] :$bBig Innovation Centre,$cJune 2013.
=300  \\$a1 online resource (71 pages) :$billustrations (colour)
=336  \\$atext$2rdacontent
=337  \\$acomputer$2rdamedia
=338  \\$aonline resource$2rdacarrier
=504  \\$aIncludes bibliographical references.
=588  \\$aDescription based on online resource; title from PDF cover page (viewed on September 12, 2013).
=650  \0$aTechnological innovations$zGreat Britain.
=651  \0$aGreat Britain$xEconomic policy.
=690  7\$aManagement and Business Studies$2blcoll
=700  1\$aBrinkley, Ian,$eauthor.
=710  2\$aBig Innovation Centre,$epublisher.
=856  40$uhttp://www.biginnovationcentre.com/Assets/Docs/Reports/Policy%20briefings/Big%20Innovation%20Centre%20Spending%20Review.pdf
=859  \\$aELD$bebook
=852  41$aBritish Library$bHMNTS$jELD Digital store
=CAT  \\$a10902$b40$c20130909$lBLL01$h0941
=CAT  \\$a11281$b40$c20130912$lBLL01$h1556
=CAT  \\$aWR14.047$c20140417$lBLL01$h1646
=CAT  \\$aW1611-0868$c20161114$lBLL01$h1415
=CAT  \\$aW1711-1225$c20171203$lBLL01$h1054
=FIN  \\$aY$d20130912
=STA  \\$aSUPPRESSED$bunable to determine reason for suppression
=LAS  \\$aW1711-1225$b00$c20171203$lBLL01$h1054

