=LDR  01862 am a2200469 i 4500
=001  016493040
=003  Uk
=005  20130912161127.0
=006  m\\\\||\\d\|\\\\\\
=007  cr\|||||||||||
=008  130909s2013\\\\enk||||\ob\\\\0||\0|eng\\
=FMT  \\$a  BK
=015  \\$aGBB383853$2bnb
=040  \\$aUk$beng$cUk$erda
=042  \\$aukblsr
=082  04$a338.94106$223
=100  1\$aAndersen, Birgitte,$d1967-$eauthor.
=245  10$aRaising the potential of the Triple Helix :$bCo-innovation to drive the world forward /$cBirgitte Andersen and Will Hutton.
=264  \1$a[London] :$bBig Innovation Centre,$cJuly 2013.
=300  \\$a1 online resource (7 pages)
=336  \\$atext$2rdacontent
=337  \\$acomputer$2rdamedia
=338  \\$aonline resource$2rdacarrier
=504  \\$aIncludes bibliographical references.
=588  \\$aDescription based on online resource; title from PDF cover page (viewed on September 12, 2013).
=650  \0$aAcademic-industrial collaboration$zGreat Britain.
=650  \0$aPublic-private sector cooperation$zGreat Britain.
=650  \0$aTechnological innovations$zGreat Britain.
=690  7\$aManagement and Business Studies$2blcoll
=700  1\$aHutton, Will,$d1950-$eauthor.
=710  2\$aBig Innovation Centre,$epublisher.
=856  40$uhttp://www.biginnovationcentre.com/Assets/Docs/Triple%20Helix/Triple_Helix_Conference_Provocation.pdf
=859  \\$aELD$bebook
=852  41$aBritish Library$bHMNTS$jELD Digital store
=CAT  \\$a10902$b40$c20130909$lBLL01$h0945
=CAT  \\$a11281$b40$c20130912$lBLL01$h1611
=CAT  \\$aWR14.047$c20140417$lBLL01$h1646
=CAT  \\$aW1611-0868$c20161114$lBLL01$h1415
=CAT  \\$aW1711-1225$c20171203$lBLL01$h1054
=FIN  \\$aY$d20130912
=STA  \\$aSUPPRESSED$bunable to determine reason for suppression
=LAS  \\$aW1711-1225$b00$c20171203$lBLL01$h1054

