=LDR  01062 am a22002773i 4500
=001  016493043
=003  Uk
=005  20130909094734.0
=006  m\\\\||\\d\|\\\\\\
=007  cr\|||||||||||
=008  130909s2013\\\\enk\\\\\o\\\\\0|0\0|eng\\
=FMT  \\$a  BK
=245  \4$aThe Old and New Towns of Edinburgh World Heritage Site :$bMANAGEMENT PLAN 2011-2016.
=264  \1$aEdinburgh :$bCity of Edinburgh Council,$c2013
=336  \\$atext$2rdacontent
=337  \\$acomputer$2rdamedia
=338  \\$aonline resource$2rdacarrier
=856  40$uhttp://www.edinburgh.gov.uk/download/downloads/id/4626/finalised_management_plan_for_the_old_and_new_towns_of_edinburgh_world_heritage_site
=859  \\$aELD$bebook
=852  41$aBritish Library$bHMNTS$jELD Digital store
=CAT  \\$a10983$b40$c20130909$lBLL01$h0947
=CAT  \\$aWR14.047$c20140417$lBLL01$h1646
=CAT  \\$aW1611-0868$c20161114$lBLL01$h1415
=CAT  \\$aW1711-1225$c20171203$lBLL01$h1054
=STA  \\$aSUPPRESSED$bunable to determine reason for suppression
=LAS  \\$aW1711-1225$b00$c20171203$lBLL01$h1054

