=LDR  01748 am a2200457 i 4500
=001  016493044
=003  Uk
=005  20130923084654.0
=006  m\\\\||\\d\|\\\\\\
=007  cr\|||||||||||
=008  130909s2013\\\\enka|||\ob\\\\0||\0|eng\\
=FMT  \\$a  BK
=015  \\$aGBB386158$2bnb
=040  \\$aUk$beng$cUk$erda
=042  \\$aukblsr
=082  04$a338.0640941$223
=100  1\$aSameen, Hiba,$eauthor.
=245  10$aTwo spheres that don't touch :$bThe relationship between British finance and British innovation /$cHiba Sameen.
=264  \1$aLondon :$bBig Innovation Centre,$cJune 2013.
=300  \\$a1 online resource (21 pages) :$billustrations (colour)
=336  \\$atext$2rdacontent
=337  \\$acomputer$2rdamedia
=338  \\$aonline resource$2rdacarrier
=504  \\$aIncludes bibliographical references.
=588  \\$aDescription based on online resource; title from PDF cover page (viewed on September 23, 2013).
=650  \0$aTechnological innovations$zGreat Britain$xFinance.
=650  \0$aInvestments$zGreat Britain.
=650  \0$aTechnology and state$zGreat Britain.
=690  7\$aSocial Welfare$2blcoll
=710  2\$aBig Innovation Centre,$epublisher.
=856  40$uhttp://www.biginnovationcentre.com/Assets/Docs/Reports/Two%20Spheres.pdf
=859  \\$aELD$bebook
=852  41$aBritish Library$bHMNTS$jELD Digital store
=CAT  \\$a10902$b40$c20130909$lBLL01$h0948
=CAT  \\$a11281$b40$c20130923$lBLL01$h0846
=CAT  \\$aWR14.047$c20140417$lBLL01$h1646
=CAT  \\$aW1611-0868$c20161114$lBLL01$h1415
=CAT  \\$aW1711-1225$c20171203$lBLL01$h1054
=FIN  \\$aY$d20130923
=STA  \\$aSUPPRESSED$bunable to determine reason for suppression
=LAS  \\$aW1711-1225$b00$c20171203$lBLL01$h1054

