=LDR  01036 am a22002893i 4500
=001  016493114
=003  Uk
=005  20130909104944.0
=006  m\\\\||\\d\|\\\\\\
=007  cr\|||||||||||
=008  130909s2013\\\\enk\\\\\o\\\\\0|0\0|eng\\
=FMT  \\$a  BK
=245  \2$aA NATIONAL PLAN FOR SCOTLAND'S OIL AND GAS INDUSTRY.
=264  \1$a[Edinburgh]$bOptions for Scotland,$c2013.
=336  \\$atext$2rdacontent
=337  \\$acomputer$2rdamedia
=338  \\$aonline resource$2rdacarrier
=856  40$uhttp://www.optionsforscotland.com/wp-content/uploads/sites/4/2013/06/oil-and-gas-national-plan.pdf
=859  \\$aELD$bebook
=852  41$aBritish Library$bHMNTS$jELD Digital store
=CAT  \\$a10983$b40$c20130909$lBLL01$h1036
=CAT  \\$a10983$b40$c20130909$lBLL01$h1049
=CAT  \\$aWR14.047$c20140417$lBLL01$h1646
=CAT  \\$aW1611-0868$c20161114$lBLL01$h1415
=CAT  \\$aW1711-1225$c20171203$lBLL01$h1054
=STA  \\$aSUPPRESSED$bunable to determine reason for suppression
=LAS  \\$aW1711-1225$b00$c20171203$lBLL01$h1054

