=LDR  01031 am a22002773i 4500
=001  016493139
=003  Uk
=005  20130909110356.0
=006  m\\\\||\\d\|\\\\\\
=007  cr\|||||||||||
=008  130909s2012\\\\enk\\\\\o\\\\\0|0\0|eng\\
=FMT  \\$a  BK
=245  \2$aA HISTORY OF STREET LIGHTING IN THE OLD AND NEW TOWNS OF EDINBURGH WORLD HERITAGE SITE.
=264  \1$aEdinburgh :$bEdinburgh World Heritiage,$c2012.
=336  \\$atext$2rdacontent
=337  \\$acomputer$2rdamedia
=338  \\$aonline resource$2rdacarrier
=856  40$uhttp://www.ewht.org.uk/uploads/downloads/Lighting%20project%20-%20publication%20ver%206%20Feb%202012.pdf
=859  \\$aELD$bebook
=852  41$aBritish Library$bHMNTS$jELD Digital store
=CAT  \\$a10983$b40$c20130909$lBLL01$h1103
=CAT  \\$aWR14.047$c20140417$lBLL01$h1646
=CAT  \\$aW1611-0868$c20161114$lBLL01$h1415
=CAT  \\$aW1711-1225$c20171203$lBLL01$h1054
=STA  \\$aSUPPRESSED$bunable to determine reason for suppression
=LAS  \\$aW1711-1225$b00$c20171203$lBLL01$h1054

