=LDR  01789 am a2200481 i 4500
=001  016493227
=003  Uk
=005  20130923142256.0
=006  m\\\\||\\d\|\\\\\\
=007  cr\|||||||||||
=008  130909s2013\\\\stk||||\ob\\\o0||\0|eng\\
=FMT  \\$a  BK
=015  \\$aGBB386218$2bnb
=020  \\$z9780855388904
=040  \\$aUk$beng$cUk$erda
=042  \\$aukblsr
=082  04$a634.9$223
=100  1\$aLawrence, Anna,$eauthor.
=245  12$aA framework for sharing experiences of community woodland groups /$cAnna Lawrence and Bianca Ambrose-Oji.
=264  \1$aMidlothian :$bForestry Commission,$cAugust 2013.
=300  \\$a1 online resource (16 pages)
=336  \\$atext$2rdacontent
=337  \\$acomputer$2rdamedia
=338  \\$aonline resource$2rdacarrier
=500  \\$a"Research note."
=504  \\$aIncludes bibliographical references.
=588  \\$aDescription based on online resource; title from PDF cover page (viewed on September 23, 2013).
=650  \0$aForests and forestry$zGreat Britain.
=650  \0$aVolunteer workers in forestry$zGreat Britain.
=700  1\$aAmbrose-Oji, Bianca,$eauthor.
=710  1\$aGreat Britain.$bForestry Commission,$epublisher.
=856  40$uhttp://www.forestry.gov.uk/PDF/FCRN015.pdf/{dollar}FILE/FCRN015.pdf
=859  \\$aELD$bebook
=852  41$aBritish Library$bHMNTS$jELD Digital store
=CAT  \\$a10902$b40$c20130909$lBLL01$h1322
=CAT  \\$a11281$b40$c20130923$lBLL01$h1422
=CAT  \\$aWR14.047$c20140417$lBLL01$h1646
=CAT  \\$aW1611-0868$c20161114$lBLL01$h1415
=CAT  \\$aW1711-1225$c20171203$lBLL01$h1054
=CAT  \\$aBATCH-UPD$b00$c20210627$lBLL01$h2043
=FIN  \\$aY$d20130923
=STA  \\$aSUPPRESSED$bunable to determine reason for suppression
=LAS  \\$aBATCH-UPD$b00$c20210627$lBLL01$h2043

