=LDR  01987 am a2200493 i 4500
=001  016493240
=003  Uk
=005  20130924080132.0
=006  m\\\\||\\d\|\\\\\\
=007  cr\|||||||||||
=008  130909s2013\\\\enka|||\ob\\\o0||\0|eng\\
=FMT  \\$a  BK
=015  \\$aGBB386223$2bnb
=020  \\$z9781909464315
=040  \\$aUk$beng$cUk$erda
=042  \\$aukblsr
=082  04$a363.34$223
=245  00$aDISASTER RISK MANAGEMENT IN POST-2015 DEVELOPMENT GOALS :$bPOTENTIAL TARGETS AND INDICATORS /$cEdited by Tom Mitchell, Lindsey Jones, Emma Lovell and Eva Comba.
=264  \1$aLondon :$bOverseas Development Institute,$cApril 2013.
=300  \\$a1 online resource (xiv, 117 pages) :$billustrations (colour)
=336  \\$atext$2rdacontent
=337  \\$acomputer$2rdamedia
=338  \\$aonline resource$2rdacarrier
=504  \\$aIncludes bibliographical references.
=588  \\$aDescription based on online resource; title from PDF cover page (viewed on September 23, 2013).
=650  \0$aNatural disasters$xEconomic aspects.
=650  \0$aNatural disasters$xPlanning.
=650  \0$aEmergency management.
=650  \0$aDisaster relief.
=700  1\$aMitchell, Tom$c(Researcher on climate and environment),$eeditor.
=710  2\$aOverseas Development Institute (London, England),$epublisher.
=856  40$uhttp://www.odi.org.uk/sites/odi.org.uk/files/odi-assets/publications-opinion-files/8354.pdf
=859  \\$aELD$bebook
=852  41$aBritish Library$bHMNTS$jELD Digital store
=CAT  \\$a10902$b40$c20130909$lBLL01$h1336
=CAT  \\$a11281$b40$c20130923$lBLL01$h1456
=CAT  \\$a11281$b40$c20130923$lBLL01$h1508
=CAT  \\$a7332$b40$c20130924$lBLL01$h0801
=CAT  \\$aWR14.047$c20140417$lBLL01$h1646
=CAT  \\$aW1611-0868$c20161114$lBLL01$h1415
=CAT  \\$aW1711-1225$c20171203$lBLL01$h1054
=FIN  \\$aY$d20130923
=STA  \\$aSUPPRESSED$bunable to determine reason for suppression
=LAS  \\$aW1711-1225$b00$c20171203$lBLL01$h1054

