=LDR  01760 am a2200445 i 4500
=001  016493250
=003  Uk
=005  20130924072952.0
=006  m\\\\||\\d\|\\\\\\
=007  cr\|||||||||||
=008  130909s2013\\\\enk||||\ob\\\o0||\0|eng\\
=FMT  \\$a  BK
=015  \\$aGBB386383$2bnb
=040  \\$aUk$beng$cUk$erda
=042  \\$aukblsr
=082  04$a330.91724$223
=100  1\$aKrause, Philipp,$d1978-$eauthor.
=245  10$aOf institutions and butterflies :$bis isomorphism in developing countries necessarily a bad thing? /$cBy Philipp Krause.
=264  \1$aLondon :$bOverseas Development Institute,$cApril 2013.
=300  \\$a1 online resource (4 pages).
=336  \\$atext$2rdacontent
=337  \\$acomputer$2rdamedia
=338  \\$aonline resource$2rdacarrier
=490  1\$aBackground Note
=504  \\$aIncludes bibliographical references.
=588  \\$aDescription based on online resource; title from PDF cover page (viewed on September 24, 2013).
=650  \0$aDeveloping countries$xEconomic policy.
=710  2\$aOverseas Development Institute (London, England),$epublisher.
=830  \0$aBackground note (Overseas Development Institute (London, England))
=856  40$uhttp://www.odi.org.uk/sites/odi.org.uk/files/odi-assets/publications-opinion-files/8353.pdf
=859  \\$aELD$bebook
=852  41$aBritish Library$bHMNTS$jELD Digital store
=CAT  \\$a10902$b40$c20130909$lBLL01$h1349
=CAT  \\$a11281$b40$c20130924$lBLL01$h0729
=CAT  \\$aWR14.047$c20140417$lBLL01$h1646
=CAT  \\$aW1611-0868$c20161114$lBLL01$h1415
=CAT  \\$aW1711-1225$c20171203$lBLL01$h1054
=FIN  \\$aY$d20130924
=STA  \\$aSUPPRESSED$bunable to determine reason for suppression
=LAS  \\$aW1711-1225$b00$c20171203$lBLL01$h1054

