=LDR  02061 am a2200481 i 4500
=001  016493260
=003  Uk
=005  20130925085756.0
=006  m\\\\||\\d\|\\\\\\
=007  cr\|||||||||||
=008  130909s2013\\\\enkb|||\ob\\\o0||\0|eng\\
=FMT  \\$a  BK
=015  \\$aGBB386385$2bnb
=020  \\$z9781909464322
=040  \\$aUk$beng$cUk$erda
=042  \\$aukblsr
=082  04$a355.0330581$223
=100  1\$aJackson, Ashley$c(Writer on humanitarian assistance),$eauthor.
=245  14$aThe search for common ground :$bcivil-military relations in Afghanistan, 2002-13 /$cAshley Jackson and Simone Haysom.
=264  \1$aLondon :$bHumanitarian Policy Group, Overseas Development Institute,$cApril 2013.
=300  \\$a1 online resource (47 pages) :$b1 map (black and white).
=336  \\$atext$2rdacontent
=337  \\$acomputer$2rdamedia
=338  \\$aonline resource$2rdacarrier
=490  0\$aHPG Working Paper
=504  \\$aIncludes bibliographical references.
=588  \\$aDescription based on online resource; title from PDF cover page (viewed on September 24, 2013).
=651  \0$aUnited States$xMilitary relations$zAfghanistan.
=651  \0$aAfghanistan$xMilitary relations$zUnited States.
=700  1\$aHaysom, Simone,$eauthor.
=710  2\$aOverseas Development Institute (London, England).$bHumanitarian Policy Group,$epublisher.
=856  40$uhttps://docs.unocha.org/sites/dms/Documents/130424%20The%20Search%20for%20Common%20Ground%20Civ-Mil%20Relations%20in%20Afghanistan%202002-13%20HPG%20Work%20Paper.pdf
=859  \\$aELD$bebook
=852  41$aBritish Library$bHMNTS$jELD Digital store
=CAT  \\$a10902$b40$c20130909$lBLL01$h1354
=CAT  \\$a11281$b40$c20130924$lBLL01$h0828
=CAT  \\$a7332$b40$c20130925$lBLL01$h0857
=CAT  \\$aWR14.047$c20140417$lBLL01$h1646
=CAT  \\$aW1611-0868$c20161114$lBLL01$h1415
=CAT  \\$aW1711-1225$c20171203$lBLL01$h1054
=FIN  \\$aY$d20130924
=STA  \\$aSUPPRESSED$bunable to determine reason for suppression
=LAS  \\$aW1711-1225$b00$c20171203$lBLL01$h1054

