=LDR  01531 am a2200409 i 4500
=001  016493562
=003  Uk
=005  20130924093314.0
=006  m\\\\||\\d\|\\\\\\
=007  cr\|||||||||||
=008  130910s2013\\\\enka|||\ob\\\o0||\0|eng\\
=FMT  \\$a  BK
=015  \\$aGBB386399$2bnb
=040  \\$aUk$beng$cUk$erda
=042  \\$aukblsr
=082  04$a352.630941$223
=245  00$aCivil Service Reform Plan :$bOne Year On Report.
=264  \1$a[London] :$b[Cabinet Office],$cJuly 2013.
=300  \\$a1 online resource (32 pages) :$billustrations (colour)
=336  \\$atext$2rdacontent
=337  \\$acomputer$2rdamedia
=338  \\$aonline resource$2rdacarrier
=504  \\$aIncludes bibliographical references.
=588  \\$aDescription based on online resource; title from PDF cover page (viewed on September 24, 2013).
=650  \0$aCivil service reform$zGreat Britain.
=710  1\$aGreat Britain.$bCabinet Office,$epublisher.
=856  40$uhttps://www.gov.uk/government/uploads/system/uploads/attachment_data/file/211506/CSR_OYO_LOW_RES_PDF.pdf
=859  \\$aELD$bebook
=852  41$aBritish Library$bHMNTS$jELD Digital store
=CAT  \\$a10902$b40$c20130910$lBLL01$h0854
=CAT  \\$a11281$b40$c20130924$lBLL01$h0933
=CAT  \\$aWR14.047$c20140417$lBLL01$h1646
=CAT  \\$aW1611-0868$c20161114$lBLL01$h1415
=CAT  \\$aW1711-1225$c20171203$lBLL01$h1054
=FIN  \\$aY$d20130924
=STA  \\$aSUPPRESSED$bunable to determine reason for suppression
=LAS  \\$aW1711-1225$b00$c20171203$lBLL01$h1054

