=LDR  01591 am a2200433 i 4500
=001  016493565
=003  Uk
=005  20130924094839.0
=006  m\\\\||\\d\|\\\\\\
=007  cr\|||||||||||
=008  130910s2013\\\\enk||||\ob\\\o0||\0|eng\\
=FMT  \\$a  BK
=015  \\$aGBB386402$2bnb
=040  \\$aUk$beng$cUk$erda
=042  \\$aukblsr
=082  04$a328.41$223
=110  1\$aGreat Britain.$bCabinet Office,$eauthor.
=245  10$aGuide to Making Legislation.
=264  \1$a[London] :$bCabinet Office,$cJuly 2013.
=300  \\$a1 online resource (305 pages)
=336  \\$atext$2rdacontent
=337  \\$acomputer$2rdamedia
=338  \\$aonline resource$2rdacarrier
=504  \\$aIncludes bibliographical references.
=588  \\$aDescription based on online resource; title from PDF cover page (viewed on September 24, 2013).
=650  \0$aLegislation$zGreat Britain.
=856  40$uhttps://www.gov.uk/government/uploads/system/uploads/attachment_data/file/210917/Guide_to_Making_Legislation_July_2013.pdf
=859  \\$aELD$bebook
=852  41$aBritish Library$bHMNTS$jELD Digital store
=CAT  \\$a10902$b40$c20130910$lBLL01$h0906
=CAT  \\$a11281$b40$c20130924$lBLL01$h0948
=CAT  \\$aWR14.047$c20140417$lBLL01$h1646
=CAT  \\$aW1611-0868$c20161114$lBLL01$h1415
=CAT  \\$aBATCH-UPD$b00$c20161114$lBLL01$h1419
=CAT  \\$aW1711-1225$c20171203$lBLL01$h1054
=CAT  \\$aBATCH-UPD$b00$c20180418$lBLL01$h1232
=FIN  \\$aY$d20130924
=STA  \\$aSUPPRESSED$bunable to determine reason for suppression
=LAS  \\$aBATCH-UPD$b00$c20180418$lBLL01$h1232

