=LDR  02135cam a2200505 i 4500
=001  016493606
=003  Uk
=005  20130924122753.0
=006  m\\\\||\\d\|\\\\\\
=007  cr\|||||||||||
=008  130910s2013\\\\enka|||\ob\\\o0||\0|eng\\
=FMT  \\$a  BK
=015  \\$aGBB386429$2bnb
=040  \\$aUk$beng$cUk$erda
=042  \\$aukblsr
=082  04$a352.3802854678$223
=245  00$aAuthentication Credentials in Support of HMG Online Services.
=250  \\$aIssue No. 1.2.
=264  \1$a[London] :$bCabinet Office,$cMay 2013.
=300  \\$a1 online resource (48 pages) :$billustrations (colour).
=336  \\$atext$2rdacontent
=337  \\$acomputer$2rdamedia
=338  \\$aonline resource$2rdacarrier
=490  0\$aGood Practice Guide ;$vno. 44
=504  \\$aIncludes bibliographical references.
=588  \\$aDescription based on online resource; title from PDF title page (viewed on September 24, 2013).
=650  \0$aGovernment Web sites$zGreat Britain.
=650  \0$aInternet in public administration$zGreat Britain.
=650  \0$aOnline information services$zGreat Britain.
=651  \0$aGreat Britain$xPolitics and government$xComputer network resources.
=710  1\$aGreat Britain.$bCabinet Office,$epublisher.
=710  1\$aGreat Britain.$bGovernment Communications Headquarters (1948- ).$bCommunications-Electronics Security Group.
=856  40$uhttps://www.gov.uk/government/uploads/system/uploads/attachment_data/file/204447/GPG_44_-_authentication_credentials_in_support_of_HMG_online_services_issue_1.2_May_2013_1_.pdf
=859  \\$aELD$bebook
=852  41$aBritish Library$bHMNTS$jELD Digital store
=CAT  \\$a10902$b40$c20130910$lBLL01$h1042
=CAT  \\$a11281$b40$c20130924$lBLL01$h1227
=CAT  \\$aWR14.047$c20140417$lBLL01$h1646
=CAT  \\$aW1611-0868$c20161114$lBLL01$h1415
=CAT  \\$aW1711-1225$c20171203$lBLL01$h1054
=CAT  \\$aBATCH-UPD$b00$c20230827$lBLL01$h2146
=CAT  \\$aBATCH-UPD$b00$c20230902$lBLL01$h2129
=FIN  \\$aY$d20130924
=STA  \\$aSUPPRESSED$bunable to determine reason for suppression
=LAS  \\$aBATCH-UPD$b00$c20230902$lBLL01$h2129

