=LDR  01976cam a2200493 i 4500
=001  016493611
=003  Uk
=005  20130924140633.0
=006  m\\\\||\\d\|\\\\\\
=007  cr\|||||||||||
=008  130910s2013\\\\enk||||\ob\\\o0||\0|eng\\
=FMT  \\$a  BK
=015  \\$aGBB386435$2bnb
=040  \\$aUk$beng$cUk$erda
=042  \\$aukblsr
=082  04$a323.60941$223
=245  00$aIdentity Proofing and Verification of an Individual.
=250  \\$aIssue no. 2.0.
=264  \1$a[London] :$bCabinet Office,$cApril 2013.
=300  \\$a1 online resource (36 pages).
=336  \\$atext$2rdacontent
=337  \\$acomputer$2rdamedia
=338  \\$aonline resource$2rdacarrier
=490  0\$aGood Practice Guide ;$vno. 45
=504  \\$aIncludes bibliographical references.
=588  \\$aDescription based on online resource; title from PDF title page (viewed on September 24, 2013).
=650  \0$aIdentification$zGreat Britain.
=650  \0$aIdentification$xGovernment policy$zGreat Britain.
=710  1\$aGreat Britain.$bCabinet Office,$epublisher.
=710  1\$aGreat Britain.$bGovernment Communications Headquarters (1948- ).$bCommunications-Electronics Security Group.
=856  40$uhttps://www.gov.uk/government/uploads/system/uploads/attachment_data/file/204448/GPG_45_Identity_proofing_and_verification_of_an_individual_2.0_May-2013.pdf
=859  \\$aELD$bebook
=852  41$aBritish Library$bHMNTS$jELD Digital store
=CAT  \\$a10902$b40$c20130910$lBLL01$h1047
=CAT  \\$a11281$b40$c20130924$lBLL01$h1357
=CAT  \\$a11281$b40$c20130924$lBLL01$h1406
=CAT  \\$aWR14.047$c20140417$lBLL01$h1646
=CAT  \\$aW1611-0868$c20161114$lBLL01$h1415
=CAT  \\$aW1711-1225$c20171203$lBLL01$h1054
=CAT  \\$aBATCH-UPD$b00$c20230827$lBLL01$h2146
=CAT  \\$aBATCH-UPD$b00$c20230902$lBLL01$h2129
=FIN  \\$aY$d20130924
=STA  \\$aSUPPRESSED$bunable to determine reason for suppression
=LAS  \\$aBATCH-UPD$b00$c20230902$lBLL01$h2129

