=LDR  01647 am a2200421 i 4500
=001  016493666
=003  Uk
=005  20130925075839.0
=006  m\\\\||\\d\|\\\\\\
=007  cr\|||||||||||
=008  130910s2013\\\\enk||||\ob\\\o0||\0|eng\\
=FMT  \\$a  BK
=015  \\$aGBB388464$2bnb
=040  \\$aUk$beng$cUk$erda
=042  \\$aukblsr
=082  04$a353.620941$223
=110  2\$aInstitute for Public Policy Research (London, England),$eauthor.
=245  10$aAccountability and Responsiveness in the Senior Civil Service :$bLessons from Overseas.
=264  \1$aLondon :$bCabinet Office,$cJune 2013.
=300  \\$a1 online resource (124 pages)
=336  \\$atext$2rdacontent
=337  \\$acomputer$2rdamedia
=338  \\$aonline resource$2rdacarrier
=504  \\$aIncludes bibliographical references.
=588  \\$aDescription based on online resource; title from PDF cover page (viewed on September 25, 2013).
=650  \0$aCivil service reform$zGreat Britain.
=710  1\$aGreat Britain.$bCabinet Office,$epublisher.
=856  40$uhttps://www.gov.uk/government/uploads/system/uploads/attachment_data/file/207237/Accountability_and_Responsiveness_in_the_SCS.pdf
=859  \\$aELD$bebook
=852  41$aBritish Library$bHMNTS$jELD Digital store
=CAT  \\$a10902$b40$c20130910$lBLL01$h1142
=CAT  \\$a11281$b40$c20130925$lBLL01$h0758
=CAT  \\$aWR14.047$c20140417$lBLL01$h1646
=CAT  \\$aW1611-0868$c20161114$lBLL01$h1415
=CAT  \\$aW1711-1225$c20171203$lBLL01$h1054
=FIN  \\$aY$d20130925
=STA  \\$aSUPPRESSED$bunable to determine reason for suppression
=LAS  \\$aW1711-1225$b00$c20171203$lBLL01$h1054

