=LDR  01684 am a2200433 i 4500
=001  016493731
=003  Uk
=005  20130925085525.0
=006  m\\\\||\\d\|\\\\\\
=007  cr\|||||||||||
=008  130910s2013\\\\enka|||\o\\\\o0||\0|eng\\
=FMT  \\$a  BK
=015  \\$aGBB388469$2bnb
=040  \\$aUk$beng$cUk$erda
=042  \\$aukblsr
=082  04$a339.5220941$223
=110  1\$aGreat Britain.$bCabinet Office,$eauthor.
=245  10$aQA Framework :$bProcess Control Objectives Toolkit.
=264  \1$a[London] :$bCabinet Office,$c[2013]
=300  \\$a1 online resource (65 pages) :$billustrations (colour)
=336  \\$atext$2rdacontent
=337  \\$acomputer$2rdamedia
=338  \\$aonline resource$2rdacarrier
=588  \\$aDescription based on online resource; title from PDF cover page (viewed on September 25, 2013).
=650  \0$aGovernment spending policy$zGreat Britain$xDecision making.
=650  \0$aManagement information systems$zGreat Britain.
=856  40$uhttps://www.gov.uk/government/uploads/system/uploads/attachment_data/file/206804/QA_Framework_Control_Objectives_Toolkit.pdf
=859  \\$aELD$bebook
=852  41$aBritish Library$bHMNTS$jELD Digital store
=CAT  \\$a10902$b40$c20130910$lBLL01$h1315
=CAT  \\$a11281$b40$c20130925$lBLL01$h0855
=CAT  \\$aWR14.047$c20140417$lBLL01$h1646
=CAT  \\$aBATCH-UPD$b00$c20160309$lBLL01$h1728
=CAT  \\$aW1611-0868$c20161114$lBLL01$h1415
=CAT  \\$aW1711-1225$c20171203$lBLL01$h1054
=CAT  \\$aBATCH-UPD$b00$c20180418$lBLL01$h1232
=FIN  \\$aY$d20130925
=STA  \\$aSUPPRESSED$bunable to determine reason for suppression
=LAS  \\$aBATCH-UPD$b00$c20180418$lBLL01$h1232

