=LDR  02109 am a2200505 i 4500
=001  016493740
=003  Uk
=005  20130925134048.0
=006  m\\\\||\\d\|\\\\\\
=007  cr\|||||||||||
=008  130910s2013\\\\enk||||\ob\\\\0||\0|eng\\
=FMT  \\$a  BK
=015  \\$aGBB388476$2bnb
=040  \\$aUk$beng$cUk$erda
=042  \\$aukblsr
=082  04$a686.2252$223
=100  1\$aWalker, Sue,$d1954-$eauthor.
=245  10$aGOV.UK content principles :$bconventions and research background /$cSue Walker, Alison Black, Clare Carey.
=264  \1$a[Reading] :$bUniversity of Reading, Centre for Information Design Research,$c[2013]
=300  \\$a1 online resource (22 pages)
=336  \\$atext$2rdacontent
=337  \\$acomputer$2rdamedia
=338  \\$aonline resource$2rdacarrier
=504  \\$aIncludes bibliographical references.
=588  \\$aDescription based on online resource; title from PDF cover page (viewed on September 25, 2013).
=650  \0$aElectronic government information$zGreat Britain$xEvaluation.
=650  \0$aElectronic government information$zGreat Britain$xStandards.
=650  \0$aGraphic design (Typography)$xSocial aspects.
=650  \0$aLayout (Printing)$xSocial aspects.
=700  1\$aBlack, Alison,$eauthor.
=700  1\$aCarey, Clare$c(Information design researcher),$eauthor.
=710  2\$aUniversity of Reading.$bCentre for Information Design Research,$epublisher.
=856  40$uhttps://www.gov.uk/government/uploads/system/uploads/attachment_data/file/206088/GOV.UK_content_principles.pdf
=859  \\$aELD$bebook
=852  41$aBritish Library$bHMNTS$jELD Digital store
=CAT  \\$a10902$b40$c20130910$lBLL01$h1321
=CAT  \\$a11281$b40$c20130925$lBLL01$h0933
=CAT  \\$a11281$b40$c20130925$lBLL01$h0940
=CAT  \\$a7332$b40$c20130925$lBLL01$h1340
=CAT  \\$aWR14.047$c20140417$lBLL01$h1646
=CAT  \\$aW1611-0868$c20161114$lBLL01$h1415
=CAT  \\$aW1711-1225$c20171203$lBLL01$h1054
=FIN  \\$aY$d20130925
=STA  \\$aSUPPRESSED$bunable to determine reason for suppression
=LAS  \\$aW1711-1225$b00$c20171203$lBLL01$h1054

