=LDR  01145 am a22003013i 4500
=001  016493745
=003  Uk
=005  20130910132508.0
=006  m\\\\||\\d\|\\\\\\
=007  cr\|||||||||||
=008  130910s2013\\\\enk\\\\\o\\\\\0|0\0|eng\\
=FMT  \\$a  BK
=245  \0$aHigh Risk Renewals :$bTax credits customers' experiences of and responses to the High Risk Renewals intervention.
=264  \1$aLondon :$bCentre for Economic and Social Inclusion - CESI,$c2013.
=336  \\$atext$2rdacontent
=337  \\$acomputer$2rdamedia
=338  \\$aonline resource$2rdacarrier
=490  0\$aHM Revenue and Customs Research Report$v257
=690  7\$aSocial Welfare$2blcoll
=856  40$uhttp://www.cesi.org.uk/sites/default/files/publications/HMRCreport257.pdf
=859  \\$aELD$bebook
=852  41$aBritish Library$bHMNTS$jELD Digital store
=CAT  \\$a8311$b40$c20130910$lBLL01$h1325
=CAT  \\$aWR14.047$c20140417$lBLL01$h1646
=CAT  \\$aW1611-0868$c20161114$lBLL01$h1415
=CAT  \\$aW1711-1225$c20171203$lBLL01$h1054
=STA  \\$aSUPPRESSED$bunable to determine reason for suppression
=LAS  \\$aW1711-1225$b00$c20171203$lBLL01$h1054

