=LDR  01721 am a2200445 i 4500
=001  016493748
=003  Uk
=005  20130925114423.0
=006  m\\\\||\\d\|\\\\\\
=007  cr\|||||||||||
=008  130910s2013\\\\enka|||\ob\\\o0||\0|eng\\
=FMT  \\$a  BK
=015  \\$aGBB388496$2bnb
=040  \\$aUk$beng$cUk$erda
=042  \\$aukblsr
=082  04$a337.1$223
=245  00$aLough Erne Accountability Report :$bKeeping our promises.
=264  \1$a[London] :$b[Department for International Development],$c2013.
=300  \\$a1 online resource (174 pages) :$billustrations (colour)
=336  \\$atext$2rdacontent
=337  \\$acomputer$2rdamedia
=338  \\$aonline resource$2rdacarrier
=500  \\$a"G8 UK."
=504  \\$aIncludes bibliographical references.
=588  \\$aDescription based on online resource; title from PDF cover page (viewed on September 25, 2013).
=610  20$aGroup of Eight (Organization)
=650  \0$aEconomic policy$xInternational cooperation.
=650  \0$aEconomic development$xFinance.
=710  1\$aGreat Britain.$bDepartment for International Development,$epublisher.
=856  40$uhttps://www.gov.uk/government/uploads/system/uploads/attachment_data/file/205437/Lough-Erne-Accountability-Report.pdf
=859  \\$aELD$bebook
=852  41$aBritish Library$bHMNTS$jELD Digital store
=CAT  \\$a10902$b40$c20130910$lBLL01$h1327
=CAT  \\$a11281$b40$c20130925$lBLL01$h1144
=CAT  \\$aWR14.047$c20140417$lBLL01$h1646
=CAT  \\$aW1611-0868$c20161114$lBLL01$h1415
=CAT  \\$aW1711-1225$c20171203$lBLL01$h1054
=FIN  \\$aY$d20130925
=STA  \\$aSUPPRESSED$bunable to determine reason for suppression
=LAS  \\$aW1711-1225$b00$c20171203$lBLL01$h1054

