=LDR  01062 am a22003133i 4500
=001  016493840
=003  Uk
=005  20130912082924.0
=006  m\\\\||\\d\|\\\\\\
=007  cr\|||||||||||
=008  130910s2013\\\\enk\\\\\o\\\\\0|0\0|eng\\
=FMT  \\$a  BK
=245  \0$aImmigrants and access to public services.
=264  \1$aSwindon :$bESRC,$c2013.
=336  \\$atext$2rdacontent
=337  \\$acomputer$2rdamedia
=338  \\$aonline resource$2rdacarrier
=490  \\$aEvidence briefing
=690  7\$aSocial Welfare$2blcoll
=856  40$uhttp://www.esrc.ac.uk/_images/Evidence%20briefing_immigration_access1_tcm8-27897.pdf
=859  \\$aELD$bebook
=852  41$aBritish Library$bHMNTS$jELD Digital store
=CAT  \\$a8311$b40$c20130910$lBLL01$h1428
=CAT  \\$a8311$b40$c20130912$lBLL01$h0829
=CAT  \\$aWR14.047$c20140417$lBLL01$h1646
=CAT  \\$aW1611-0868$c20161114$lBLL01$h1415
=CAT  \\$aW1711-1225$c20171203$lBLL01$h1054
=STA  \\$aSUPPRESSED$bunable to determine reason for suppression
=LAS  \\$aW1711-1225$b00$c20171203$lBLL01$h1054

