=LDR  01012 am a22002893i 4500
=001  016496168
=003  Uk
=005  20130911111108.0
=006  m\\\\||\\d\|\\\\\\
=007  cr\|||||||||||
=008  130911s2013\\\\enk\\\\\o\\\\\0|0\0|eng\\
=FMT  \\$a  BK
=245  \0$aATTITUDES OF DIFFERENT GENERATIONS TO THE WELFARE SYSTEM.
=264  \1$aYork :$bJoseph Rowntree Foundation,$c2013.
=336  \\$atext$2rdacontent
=337  \\$acomputer$2rdamedia
=338  \\$aonline resource$2rdacarrier
=690  7\$aSocial Welfare$2blcoll
=856  40$uhttp://www.jrf.org.uk/publications/attitudes-different-generations-welfare-system
=859  \\$aELD$bebook
=852  41$aBritish Library$bHMNTS$jELD Digital store
=CAT  \\$a8311$b40$c20130911$lBLL01$h1111
=CAT  \\$aWR14.047$c20140417$lBLL01$h1646
=CAT  \\$aW1611-0868$c20161114$lBLL01$h1415
=CAT  \\$aW1711-1225$c20171203$lBLL01$h1054
=STA  \\$aSUPPRESSED$bunable to determine reason for suppression
=LAS  \\$aW1711-1225$b00$c20171203$lBLL01$h1054

