=LDR  01121 am a22003133i 4500
=001  016496226
=003  Uk
=005  20130911121907.0
=006  m\\\\||\\d\|\\\\\\
=007  cr\|||||||||||
=008  130911s2013\\\\enk\\\\\o\\\\\0|0\0|eng\\
=FMT  \\$a  BK
=245  \0$aSCOTTISH'S GOVERNMENT EXOTIC DISEASES OF ANIMALS COMMUNICATIONS STRATEGY.
=264  \1$aEdinburgh :$bScottish Government,$c2013.
=336  \\$atext$2rdacontent
=337  \\$acomputer$2rdamedia
=338  \\$aonline resource$2rdacarrier
=500  \\$aCovering exotic notifiable animal diseases of livestock.
=500  \\$aVersion 4, May 2013.
=856  40$uhttp://www.scotland.gov.uk/Resource/0042/00427550.pdf
=859  \\$aELD$bebook
=852  41$aBritish Library$bHMNTS$jELD Digital store
=CAT  \\$a10983$b40$c20130911$lBLL01$h1217
=CAT  \\$a10983$b40$c20130911$lBLL01$h1219
=CAT  \\$aWR14.047$c20140417$lBLL01$h1646
=CAT  \\$aW1611-0868$c20161114$lBLL01$h1415
=CAT  \\$aW1711-1225$c20171203$lBLL01$h1054
=STA  \\$aSUPPRESSED$bunable to determine reason for suppression
=LAS  \\$aW1711-1225$b00$c20171203$lBLL01$h1054

