=LDR  01137 am a22003013i 4500
=001  016496382
=003  Uk
=005  20130911142735.0
=006  m\\\\||\\d\|\\\\\\
=007  cr\|||||||||||
=008  130911s2013\\\\enk\\\\\o\\\\\0|0\0|eng\\
=FMT  \\$a  BK
=245  \0$aReport on the Audit of LocalAuthority Food Law Service Delivery and food Business Compliance :$bWest Oxfordshire District Council 5-7 March 2013.
=264  \1$aLondon :$bFood standards Agency,$c2013.
=336  \\$atext$2rdacontent
=337  \\$acomputer$2rdamedia
=338  \\$aonline resource$2rdacarrier
=856  40$uwww.food.gov.uk/multimedia/pdfs/enforcement/west-oxfordshire.pdf
=859  \\$aELD$bebook
=852  41$aBritish Library$bHMNTS$jELD Digital store
=CAT  \\$a8311$b40$c20130911$lBLL01$h1421
=CAT  \\$a8311$b40$c20130911$lBLL01$h1424
=CAT  \\$a8311$b40$c20130911$lBLL01$h1427
=CAT  \\$aWR14.047$c20140417$lBLL01$h1646
=CAT  \\$aW1611-0868$c20161114$lBLL01$h1415
=CAT  \\$aW1711-1225$c20171203$lBLL01$h1054
=STA  \\$aSUPPRESSED$bunable to determine reason for suppression
=LAS  \\$aW1711-1225$b00$c20171203$lBLL01$h1054

