=LDR  01043 am a22002893i 4500
=001  016496384
=003  Uk
=005  20130911142302.0
=006  m\\\\||\\d\|\\\\\\
=007  cr\|||||||||||
=008  130911s2013\\\\enk\\\\\o\\\\\0|0\0|eng\\
=FMT  \\$a  BK
=245  \0$aManagement of Public Health Incidents :$bGuidance on the Roles and Responsibilities of NHS led Incident Management Teams.
=264  \1$aEdinburgh :$bScottish Government,$c2013.
=336  \\$atext$2rdacontent
=337  \\$acomputer$2rdamedia
=338  \\$aonline resource$2rdacarrier
=500  \\$aUpdated July 2013.
=856  40$uhttp://www.scotland.gov.uk/Resource/0043/00430196.pdf
=859  \\$aELD$bebook
=852  41$aBritish Library$bHMNTS$jELD Digital store
=CAT  \\$a10983$b40$c20130911$lBLL01$h1423
=CAT  \\$aWR14.047$c20140417$lBLL01$h1646
=CAT  \\$aW1611-0868$c20161114$lBLL01$h1415
=CAT  \\$aW1711-1225$c20171203$lBLL01$h1054
=STA  \\$aSUPPRESSED$bunable to determine reason for suppression
=LAS  \\$aW1711-1225$b00$c20171203$lBLL01$h1054

