=LDR  01093 am a22002893i 4500
=001  016496575
=003  Uk
=005  20130912084827.0
=006  m\\\\||\\d\|\\\\\\
=007  cr\|||||||||||
=008  130912s2013\\\\enk\\\\\o\\\\\0|0\0|eng\\
=FMT  \\$a  BK
=245  \0$aEthical Standards in Public Life : Proposals for Amendments to be made to the Model Code of Conduct for Members of Devolved Public Bodies :$bAnalysis Report.
=264  \1$aEdinburgh :$bScottish Government,$c2013.
=336  \\$atext$2rdacontent
=337  \\$acomputer$2rdamedia
=338  \\$aonline resource$2rdacarrier
=856  40$uhttp://www.scotland.gov.uk/Resource/0043/00431105.pdf
=859  \\$aELD$bebook
=852  41$aBritish Library$bHMNTS$jELD Digital store
=CAT  \\$a10983$b40$c20130912$lBLL01$h0847
=CAT  \\$a10983$b40$c20130912$lBLL01$h0848
=CAT  \\$aWR14.047$c20140417$lBLL01$h1646
=CAT  \\$aW1611-0868$c20161114$lBLL01$h1415
=CAT  \\$aW1711-1225$c20171203$lBLL01$h1054
=STA  \\$aSUPPRESSED$bunable to determine reason for suppression
=LAS  \\$aW1711-1225$b00$c20171203$lBLL01$h1054

