=LDR  01078 am a22003133i 4500
=001  016496635
=003  Uk
=005  20130912105435.0
=006  m\\\\||\\d\|\\\\\\
=007  cr\|||||||||||
=008  130912s2013\\\\enk\\\\\o\\\\\0|0\0|eng\\
=FMT  \\$a  BK
=245  \0$aGovernment spending on benefits and state pensions in Scotland :$bcurrent patterns and future issues.
=264  \1$aLondon :$bIFS,$c2013.
=336  \\$atext$2rdacontent
=337  \\$acomputer$2rdamedia
=338  \\$aonline resource$2rdacarrier
=490  0\$aIFS Briefing Note$vBN139
=690  7\$aSocial Welfare$2blcoll
=856  40$uhttp://www.ifs.org.uk/bns/bn139.pdf
=859  \\$aELD$bebook
=852  41$aBritish Library$bHMNTS$jELD Digital store
=CAT  \\$a8311$b40$c20130912$lBLL01$h1046
=CAT  \\$a8311$b40$c20130912$lBLL01$h1054
=CAT  \\$aWR14.047$c20140417$lBLL01$h1646
=CAT  \\$aW1611-0868$c20161114$lBLL01$h1415
=CAT  \\$aW1711-1225$c20171203$lBLL01$h1054
=STA  \\$aSUPPRESSED$bunable to determine reason for suppression
=LAS  \\$aW1711-1225$b00$c20171203$lBLL01$h1054

