=LDR  01012 am a22002773i 4500
=001  016496776
=003  Uk
=005  20130912141942.0
=006  m\\\\||\\d\|\\\\\\
=007  cr\|||||||||||
=008  130912s2013\\\\enk\\\\\o\\\\\0|0\0|eng\\
=FMT  \\$a  BK
=245  \0$aPreparing for a changing climate :$bPart 4: Implementing Statutory Guidance under the Climate Change Act 2008.
=264  \1$aCardiff :$bWelsh Government,$c2013.
=336  \\$atext$2rdacontent
=337  \\$acomputer$2rdamedia
=338  \\$aonline resource$2rdacarrier
=856  40$uwales.gov.uk/topics/.../climatechange/publications/preparingpart4/?lang...
=859  \\$aELD$bebook
=852  41$aBritish Library$bHMNTS$jELD Digital store
=CAT  \\$a8311$b40$c20130912$lBLL01$h1419
=CAT  \\$aWR14.047$c20140417$lBLL01$h1646
=CAT  \\$aW1611-0868$c20161114$lBLL01$h1415
=CAT  \\$aW1711-1225$c20171203$lBLL01$h1054
=STA  \\$aSUPPRESSED$bunable to determine reason for suppression
=LAS  \\$aW1711-1225$b00$c20171203$lBLL01$h1054

