=LDR  01048 am a22003013i 4500
=001  016496813
=003  Uk
=005  20130912153529.0
=006  m\\\\||\\d\|\\\\\\
=007  cr\|||||||||||
=008  130912s2013\\\\enk\\\\\o\\\\\0|0\0|eng\\
=FMT  \\$a  BK
=020  \\$z9780750494748
=245  \0$aGreen house Gas Emission Reduction Targets :$bAn Analytical Method for Wales.
=264  \1$aCardiff :$bWelsh Assembly,$c2013.
=336  \\$atext$2rdacontent
=337  \\$acomputer$2rdamedia
=338  \\$aonline resource$2rdacarrier
=856  40$uwales.gov.uk/topics/.../measuring-greenhouse-gas-reduction/?lang=en
=859  \\$aELD$bebook
=852  41$aBritish Library$bHMNTS$jELD Digital store
=CAT  \\$a8311$b40$c20130912$lBLL01$h1534
=CAT  \\$a8311$b40$c20130912$lBLL01$h1535
=CAT  \\$aWR14.047$c20140417$lBLL01$h1646
=CAT  \\$aW1611-0868$c20161114$lBLL01$h1415
=CAT  \\$aW1711-1225$c20171203$lBLL01$h1054
=STA  \\$aSUPPRESSED$bunable to determine reason for suppression
=LAS  \\$aW1711-1225$b00$c20171203$lBLL01$h1054

