=LDR  01798 am a2200481 i 4500
=001  016497876
=003  Uk
=005  20130925140658.0
=006  m\\\\||\\d\|\\\\\\
=007  cr\|||||||||||
=008  130916s2013\\\\enka|||\ob\\\\0||\0|eng\\
=FMT  \\$a  BK
=015  \\$aGBB388530$2bnb
=020  \\$z9781907689574
=040  \\$aUk$beng$cUk$erda
=042  \\$aukblsr
=082  04$a361.941$223
=100  1\$aTinsley, Matthew$c(Economics researcher),$eauthor.
=245  10$aCultures of Dependency :$bFact, fiction, solutions /$cMatthew Tinsley.
=264  \1$aLondon :$bPolicy Exchange,$c[2013]
=300  \\$a1 online resource (68 pages) :$billustrations (colour)
=336  \\$atext$2rdacontent
=337  \\$acomputer$2rdamedia
=338  \\$aonline resource$2rdacarrier
=504  \\$aIncludes bibliographical references.
=588  \\$aDescription based on online resource; title from PDF cover page (viewed on September 25, 2013).
=650  \0$aGreat Britain$xEconomic conditions.
=650  \0$aQuality of life$zGreat Britain.
=651  \0$aGreat Britain$xSocial conditions.
=650  \0$aUnemployment$zGreat Britain.
=690  7\$aSocial Welfare$2blcoll
=710  2\$aPolicy Exchange (Think tank),$epublisher.
=856  40$uhttp://www.policyexchange.org.uk/images/publications/cultures%20of%20dependency.pdf
=859  \\$aELD$bebook
=852  41$aBritish Library$bHMNTS$jELD Digital store
=CAT  \\$a10902$b40$c20130916$lBLL01$h0813
=CAT  \\$a11281$b40$c20130925$lBLL01$h1406
=CAT  \\$aWR14.047$c20140417$lBLL01$h1646
=CAT  \\$aW1611-0868$c20161114$lBLL01$h1415
=CAT  \\$aW1711-1225$c20171203$lBLL01$h1054
=FIN  \\$aY$d20130925
=STA  \\$aSUPPRESSED$bunable to determine reason for suppression
=LAS  \\$aW1711-1225$b00$c20171203$lBLL01$h1054

