=LDR  01672 am a2200457 i 4500
=001  016497877
=003  Uk
=005  20130925141701.0
=006  m\\\\||\\d\|\\\\\\
=007  cr\|||||||||||
=008  130916s2013\\\\enka|||\ob\\\\0||\0|eng\\
=FMT  \\$a  BK
=015  \\$aGBB388534$2bnb
=040  \\$aUk$beng$cUk$erda
=042  \\$aukblsr
=082  04$a331.210941$223
=100  1\$aWhittaker, Matthew,$eauthor.
=245  10$aLow Pay Britain 2013 /$cMatthew Whittaker, Alex Hurrell.
=264  \1$a[London] :$bResolution Foundation,$cSeptember 2013.
=300  \\$a1 online resource (43 pages) :$billustrations (colour)
=336  \\$atext$2rdacontent
=337  \\$acomputer$2rdamedia
=338  \\$aonline resource$2rdacarrier
=504  \\$aIncludes bibliographical references.
=588  \\$aDescription based on online resource; title from PDF cover page (viewed on September 25, 2013).
=650  \0$aWages$zGreat Britain.
=650  \0$aMinimum wage$zGreat Britain.
=690  7\$aSocial Welfare$2blcoll
=700  1\$aHurrell, Alex,$eauthor.
=710  2\$aResolution Foundation,$epublisher.
=856  40$uhttp://www.resolutionfoundation.org/media/media/downloads/Low_Pay_Britain_2013.pdf
=859  \\$aELD$bebook
=852  41$aBritish Library$bHMNTS$jELD Digital store
=CAT  \\$a10902$b40$c20130916$lBLL01$h0832
=CAT  \\$a11281$b40$c20130925$lBLL01$h1417
=CAT  \\$aWR14.047$c20140417$lBLL01$h1646
=CAT  \\$aW1611-0868$c20161114$lBLL01$h1415
=CAT  \\$aW1711-1225$c20171203$lBLL01$h1054
=FIN  \\$aY$d20130925
=STA  \\$aSUPPRESSED$bunable to determine reason for suppression
=LAS  \\$aW1711-1225$b00$c20171203$lBLL01$h1054

