=LDR  01836 am a2200481 i 4500
=001  016497882
=003  Uk
=005  20130925150254.0
=006  m\\\\||\\d\|\\\\\\
=007  cr\|||||||||||
=008  130916s2013\\\\enka|||\ob\\\\0||\0|eng\\
=FMT  \\$a  BK
=015  \\$aGBB388551$2bnb
=040  \\$aUk$beng$cUk$erda
=042  \\$aukblsr
=082  04$a339.520941$223
=100  1\$aAdam, Stuart,$eauthor.
=245  10$aDo the UK Government's welfare reforms make work pay? /$cStuart Adam, James Browne.
=264  \1$a[London] :$bInstitute for Fiscal Studies,$c[2013]
=300  \\$a1 online resource (38 pages) :$billustrations (colour).
=336  \\$atext$2rdacontent
=337  \\$acomputer$2rdamedia
=338  \\$aonline resource$2rdacarrier
=490  0\$aIFS Working Paper ;$vW13/26
=504  \\$aIncludes bibliographical references.
=588  \\$aDescription based on online resource; title from PDF cover page (viewed on September 25, 2013).
=650  \0$aSocial security$zGreat Britain.
=650  \0$aLabor supply$xEffect of income maintenance programs on$zGreat Britain.
=650  \0$aEmployment$xGovernment policy$zGreat Britain.
=690  7\$aSocial Welfare$2blcoll
=700  1\$aBrowne, James,$d1984-$eauthor.
=710  2\$aInstitute for Fiscal Studies (Great Britain),$epublisher.
=856  40$uhttp://www.ifs.org.uk/wps/wp1326.pdf
=859  \\$aELD$bebook
=852  41$aBritish Library$bHMNTS$jELD Digital store
=CAT  \\$a10902$b40$c20130916$lBLL01$h0851
=CAT  \\$a11281$b40$c20130925$lBLL01$h1502
=CAT  \\$aWR14.047$c20140417$lBLL01$h1646
=CAT  \\$aW1611-0868$c20161114$lBLL01$h1415
=CAT  \\$aW1711-1225$c20171203$lBLL01$h1054
=FIN  \\$aY$d20130925
=STA  \\$aSUPPRESSED$bunable to determine reason for suppression
=LAS  \\$aW1711-1225$b00$c20171203$lBLL01$h1054

