=LDR  01817 am a2200457 i 4500
=001  016497889
=003  Uk
=005  20130925164005.0
=006  m\\\\||\\d\|\\\\\\
=007  cr\|||||||||||
=008  130916s2013\\\\enka|||\ob\\\\0||\0|eng\\
=FMT  \\$a  BK
=015  \\$aGBB388570$2bnb
=040  \\$aUk$beng$cUk$erda
=042  \\$aukblsr
=082  04$a353.60941$223
=245  00$aeffective and representative? :$ba review of NHS foundation trusts' councils of governors.
=264  \1$aLondon :$bThe Smith Institute,$c[2013]
=300  \\$a1 online resource (42 pages) :$billustrations (black and white)
=336  \\$atext$2rdacontent
=337  \\$acomputer$2rdamedia
=338  \\$aonline resource$2rdacarrier
=504  \\$aIncludes bibliographical references.
=588  \\$aDescription based on online resource; title from PDF cover page (viewed on September 25, 2013).
=650  \0$aHealth services administration$zGreat Britain.
=650  \0$aPublic health administration$zGreat Britain.
=690  7\$aSocial Welfare$2blcoll
=710  2\$aSmith Institute (1997- ),$epublisher.
=710  2\$aAssociation of Chartered Certified Accountants (Great Britain)
=856  40$uhttp://www.smith-institute.org.uk/file/Council%20of%20Governors%20-%20Effective%20and%20Representative.pdf
=859  \\$aELD$bebook
=852  41$aBritish Library$bHMNTS$jELD Digital store
=CAT  \\$a10902$b40$c20130916$lBLL01$h0910
=CAT  \\$a11281$b40$c20130925$lBLL01$h1640
=CAT  \\$aWR14.047$c20140417$lBLL01$h1646
=CAT  \\$aW1611-0868$c20161114$lBLL01$h1415
=CAT  \\$aW1711-1225$c20171203$lBLL01$h1054
=CAT  \\$aBATCH-UPD$b00$c20211002$lBLL01$h1924
=FIN  \\$aY$d20130925
=STA  \\$aSUPPRESSED$bunable to determine reason for suppression
=LAS  \\$aBATCH-UPD$b00$c20211002$lBLL01$h1924

