=LDR  01676 am a2200457 i 4500
=001  016497891
=003  Uk
=005  20130926075444.0
=006  m\\\\||\\d\|\\\\\\
=007  cr\|||||||||||
=008  130916s2013\\\\enk||||\ob\\\\0||\0|eng\\
=FMT  \\$a  BK
=015  \\$aGBB388577$2bnb
=040  \\$aUk$beng$cUk$erda
=042  \\$aukblsr
=082  04$a363.50941$223
=245  00$arebuilding the relationship between affordable housing and philanthropy.
=264  \1$aLondon :$bThe Smith Institute,$c[2013]
=300  \\$a1 online resource (89 pages)
=336  \\$atext$2rdacontent
=337  \\$acomputer$2rdamedia
=338  \\$aonline resource$2rdacarrier
=504  \\$aIncludes bibliographical references.
=588  \\$aDescription based on online resource; title from PDF cover page (viewed on September 26, 2013).
=650  \0$aHousing$zGreat Britain.
=650  \0$aLow income housing$zGreat Britain.
=650  \0$aHumanitarianism$zGreat Britain.
=690  7\$aSocial Welfare$2blcoll
=710  2\$aSmith Institute (1997- ),$epublisher.
=856  40$uhttp://www.smith-institute.org.uk/file/Philanthropy%20and%20Affordable%20Housing.pdf
=859  \\$aELD$bebook
=852  41$aBritish Library$bHMNTS$jELD Digital store
=CAT  \\$a10902$b40$c20130916$lBLL01$h0914
=CAT  \\$a11281$b40$c20130926$lBLL01$h0754
=CAT  \\$aWR14.047$c20140417$lBLL01$h1646
=CAT  \\$aW1611-0868$c20161114$lBLL01$h1415
=CAT  \\$aW1711-1225$c20171203$lBLL01$h1054
=CAT  \\$aBATCH-UPD$b00$c20211002$lBLL01$h1924
=FIN  \\$aY$d20130926
=STA  \\$aSUPPRESSED$bunable to determine reason for suppression
=LAS  \\$aBATCH-UPD$b00$c20211002$lBLL01$h1924

