=LDR  02021 am a2200493 i 4500
=001  016497951
=003  Uk
=005  20130926105121.0
=006  m\\\\||\\d\|\\\\\\
=007  cr\|||||||||||
=008  130916s2013\\\\enkb|||\ob\\\\0||\0|eng\\
=FMT  \\$a  BK
=015  \\$aGBB388607$2bnb
=020  \\$z9781909464339
=040  \\$aUk$beng$cUk$erda
=042  \\$aukblsr
=082  04$a307.7609549123$223
=100  1\$aMosel, Irina,$eauthor.
=245  10$aSanctuary in the city? :$bUrban displacement and vulnerability in Peshawar, Pakistan /$cIrina Mosel and Ashley Jackson.
=264  \1$aLondon :$bHumanitarian Policy Group, Overseas Development Institute,$cMay 2013.
=300  \\$a1 online resource (42 pages) :$b1 map (black and white).
=336  \\$atext$2rdacontent
=337  \\$acomputer$2rdamedia
=338  \\$aonline resource$2rdacarrier
=490  0\$aHPG Working Paper
=504  \\$aIncludes bibliographical references.
=588  \\$aDescription based on online resource; title from PDF cover page (viewed on September 26, 2013).
=650  \0$aRelocation (Housing)$zPakistan$zPeshawar.
=650  \0$aUrbanization$zPakistan$zPeshawar.
=651  \0$aPeshawar (Pakistan)$xSocial conditions.
=700  1\$aJackson, Ashley$c(Writer on humanitarian assistance),$eauthor.
=710  2\$aOverseas Development Institute (London, England).$bHumanitarian Policy Group,$epublisher.
=856  40$uhttp://www.odi.org.uk/sites/odi.org.uk/files/odi-assets/publications-opinion-files/8389.pdf
=859  \\$aELD$bebook
=852  41$aBritish Library$bHMNTS$jELD Digital store
=CAT  \\$a10902$b40$c20130916$lBLL01$h1101
=CAT  \\$a11281$b40$c20130926$lBLL01$h1050
=CAT  \\$a11281$b40$c20130926$lBLL01$h1051
=CAT  \\$aWR14.047$c20140417$lBLL01$h1646
=CAT  \\$aW1611-0868$c20161114$lBLL01$h1415
=CAT  \\$aW1711-1225$c20171203$lBLL01$h1054
=FIN  \\$aY$d20130926
=STA  \\$aSUPPRESSED$bunable to determine reason for suppression
=LAS  \\$aW1711-1225$b00$c20171203$lBLL01$h1054

