=LDR  02087 am a2200517 i 4500
=001  016497954
=003  Uk
=005  20130926113650.0
=006  m\\\\||\\d\|\\\\\\
=007  cr\|||||||||||
=008  130916s2013\\\\enka|||\ob\\\\0||\0|eng\\
=FMT  \\$a  BK
=015  \\$aGBB388625$2bnb
=040  \\$aUk$beng$cUk$erda
=042  \\$aukblsr
=082  04$a361.10941$223
=100  1\$aJones, Nicola Anne,$eauthor.
=245  10$aSocial protection pathways :$bshaping social justice outcomes for the most marginalised, now and post-2015 /$cNicola Jones and Thea Shahrokh.
=264  \1$aLondon :$bOverseas Development Institute,$cApril 2013.
=300  \\$a1 online resource (15 pages) :$billustrations (colour).
=336  \\$atext$2rdacontent
=337  \\$acomputer$2rdamedia
=338  \\$aonline resource$2rdacarrier
=490  1\$aBackground Note
=504  \\$aIncludes bibliographical references.
=588  \\$aDescription based on online resource; title from PDF cover page (viewed on September 26, 2013).
=650  \0$aSocial justice$zGreat Britain.
=650  \0$aSocial problems$zGreat Britain.
=651  \0$aGreat Britain$xSocial conditions.
=650  \0$aMarginality, Social$zGreat Britain.
=700  1\$aShahrokh, Thea,$eauthor.
=710  2\$aOverseas Development Institute (London, England),$epublisher.
=830  \0$aBackground note (Overseas Development Institute (London, England))
=856  40$uhttp://www.odi.org.uk/sites/odi.org.uk/files/odi-assets/publications-opinion-files/8390.pdf
=859  \\$aELD$bebook
=852  41$aBritish Library$bHMNTS$jELD Digital store
=CAT  \\$a10902$b40$c20130916$lBLL01$h1106
=CAT  \\$a11281$b40$c20130926$lBLL01$h1136
=CAT  \\$aWR14.047$c20140417$lBLL01$h1646
=CAT  \\$aW1611-0868$c20161114$lBLL01$h1415
=CAT  \\$aW1711-1225$c20171203$lBLL01$h1054
=CAT  \\$a5194$b40$c20210805$lBLL01$h1416
=CAT  \\$aBATCH-UPD$b40$c20210805$lBLL01$h1417
=FIN  \\$aY$d20130926
=STA  \\$aSUPPRESSED$bunable to determine reason for suppression
=LAS  \\$aBATCH-UPD$b40$c20210805$lBLL01$h1417

