=LDR  02148 am a2200517 i 4500
=001  016497960
=003  Uk
=005  20130930101155.0
=006  m\\\\||\\d\|\\\\\\
=007  cr\|||||||||||
=008  130916s2013\\\\enk||||\ob\\\\0||\0|eng\\
=FMT  \\$a  BK
=015  \\$aGBB388637$2bnb
=020  \\$z9781909464377
=040  \\$aUk$beng$cUk$erda
=042  \\$aukblsr
=082  04$a333.7091724$223
=100  1\$aSharma, Natasha,$eauthor.
=245  10$aSpecial fiscal institutions for resource-rich developing economies :$bThe state of the debate and implications for policy and practice /$cNatasha Sharma and Tove Strauss.
=264  \1$aLondon :$bOverseas Development Institute,$cMay 2013.
=300  \\$a1 online resource (iii, 38 pages).
=336  \\$atext$2rdacontent
=337  \\$acomputer$2rdamedia
=338  \\$aonline resource$2rdacarrier
=490  1\$aResearch report
=504  \\$aIncludes bibliographical references.
=588  \\$aDescription based on online resource; title from PDF cover page (viewed on SAeptember 26, 2013).
=650  \0$aNatural resources$zDeveloping countries$xEconomic aspects.
=650  \0$aNatural resources$zDeveloping countries$xManagement.
=650  \0$aNatural resources$xGovernment policy$zDeveloping countries.
=700  1\$aStrauss, T.$q(Tove),$eauthor.
=710  2\$aOverseas Development Institute (London, England),$epublisher.
=830  \0$aResearch report (Overseas Development Institute (London, England))
=856  40$uhttp://www.odi.org.uk/sites/odi.org.uk/files/odi-assets/publications-opinion-files/8393.pdf
=859  \\$aELD$bebook
=852  41$aBritish Library$bHMNTS$jELD Digital store
=CAT  \\$a10902$b40$c20130916$lBLL01$h1111
=CAT  \\$a11281$b40$c20130926$lBLL01$h1223
=CAT  \\$a11281$b40$c20130926$lBLL01$h1224
=CAT  \\$a7332$b40$c20130930$lBLL01$h1011
=CAT  \\$aWR14.047$c20140417$lBLL01$h1646
=CAT  \\$aW1611-0868$c20161114$lBLL01$h1415
=CAT  \\$aW1711-1225$c20171203$lBLL01$h1054
=FIN  \\$aY$d20130926
=STA  \\$aSUPPRESSED$bunable to determine reason for suppression
=LAS  \\$aW1711-1225$b00$c20171203$lBLL01$h1054

