=LDR  02009 am a2200493 i 4500
=001  016497969
=003  Uk
=005  20130926141527.0
=006  m\\\\||\\d\|\\\\\\
=007  cr\|||||||||||
=008  130916s2013\\\\enka|||\ob\\\\0||\0|eng\\
=FMT  \\$a  BK
=015  \\$aGBB388649$2bnb
=020  \\$z9781909464360
=040  \\$aUk$beng$cUk$erda
=042  \\$aukblsr
=082  04$a338.941$223
=100  1\$aKrause, Philipp,$d1978-$eauthor.
=245  14$aThe origins of modern finance ministries :$bAn evolutionary account based on the history of Britain and Germany /$cPhilipp Krause.
=264  \1$aLondon :$bOverseas Development Institute,$cMay 2013.
=300  \\$a1 online resource (vi, 22 pages) :$billustrations (colour).
=336  \\$atext$2rdacontent
=337  \\$acomputer$2rdamedia
=338  \\$aonline resource$2rdacarrier
=490  1\$aWorking paper,$x1759-2917 ;$v381
=504  \\$aIncludes bibliographical references.
=588  \\$aDescription based on online resource; title from PDF cover page (viewed on September 26, 2013).
=650  \0$aFinance, Public$zGreat Britain.
=650  \0$aFinance, Public$zGermany.
=650  \0$aGovernment spending policy$zGreat Britain.
=650  \0$aGovernment spending policy$zGermany.
=710  2\$aOverseas Development Institute (London, England),$epublisher.
=830  \0$aWorking paper (Overseas Development Institute (London, England)),$x1759-2909 ;$v381.
=856  40$uhttp://www.odi.org.uk/sites/odi.org.uk/files/odi-assets/publications-opinion-files/8391.pdf
=859  \\$aELD$bebook
=852  41$aBritish Library$bHMNTS$jELD Digital store
=CAT  \\$a10902$b40$c20130916$lBLL01$h1121
=CAT  \\$a11281$b40$c20130926$lBLL01$h1415
=CAT  \\$aWR14.047$c20140417$lBLL01$h1646
=CAT  \\$aW1611-0868$c20161114$lBLL01$h1415
=CAT  \\$aW1711-1225$c20171203$lBLL01$h1054
=FIN  \\$aY$d20130926
=STA  \\$aSUPPRESSED$bunable to determine reason for suppression
=LAS  \\$aW1711-1225$b00$c20171203$lBLL01$h1054

