=LDR  01904 am a2200469 i 4500
=001  016497981
=003  Uk
=005  20130930082144.0
=006  m\\\\||\\d\|\\\\\\
=007  cr\|||||||||||
=008  130916s2013\\\\enk||||\ob\\\\0||\0|eng\\
=FMT  \\$a  BK
=015  \\$aGBB388762$2bnb
=040  \\$aUk$beng$cUk$erda
=042  \\$aukblsr
=082  04$a305.235091724$223
=100  1\$aPereznieto, Paola,$eauthor.
=245  10$aYouth and international development policy :$bthe case for investing in young people /$cPaola Pereznieto and James Hamilton Harding.
=264  \1$aLondon :$bOverseas Development Institute,$cMay 2013.
=300  \\$a1 online resource (3 pages).
=336  \\$atext$2rdacontent
=337  \\$acomputer$2rdamedia
=338  \\$aonline resource$2rdacarrier
=490  1\$aProject Briefing ;$v1756-7602 ;$vno. 80
=504  \\$aIncludes bibliographical references.
=588  \\$aDescription based on online resource; title from PDF cover page (viewed on September 30, 2013).
=650  \0$aEconomic development$zDeveloping countries.
=650  \0$aYouth$zDeveloping countries.
=700  1\$aHarding, James Hamilton,$eauthor.
=710  2\$aOverseas Development Institute (London, England),$epublisher.
=830  \0$aProject briefing (Overseas Development Institute(London, England)) ;$vno. 80.
=856  40$uhttp://www.odi.org.uk/sites/odi.org.uk/files/odi-assets/publications-opinion-files/8402.pdf
=859  \\$aELD$bebook
=852  41$aBritish Library$bHMNTS$jELD Digital store
=CAT  \\$a10902$b40$c20130916$lBLL01$h1136
=CAT  \\$a11281$b40$c20130930$lBLL01$h0821
=CAT  \\$aWR14.047$c20140417$lBLL01$h1646
=CAT  \\$aW1611-0868$c20161114$lBLL01$h1415
=CAT  \\$aW1711-1225$c20171203$lBLL01$h1054
=FIN  \\$aY$d20130930
=STA  \\$aSUPPRESSED$bunable to determine reason for suppression
=LAS  \\$aW1711-1225$b00$c20171203$lBLL01$h1054

