=LDR  01709 am a2200445 i 4500
=001  016497985
=003  Uk
=005  20131002125101.0
=006  m\\\\||\\d\|\\\\\\
=007  cr\|||||||||||
=008  130916s2013\\\\enk||||\o\\\\\0||\0|eng\\
=FMT  \\$a  BK
=015  \\$aGBB388764$2bnb
=040  \\$aUk$beng$cUk$erda
=042  \\$aukblsr
=082  04$a338.91$223
=100  1\$aSmith, William$c(Research fellow in economic development),$eauthor.
=245  10$aHow donors engage with business /$cWilliam Smith.
=264  \1$aLondon :$bOverseas Development Institute,$cJuly 2013.
=300  \\$a1 online resource (10 pages)
=336  \\$atext$2rdacontent
=337  \\$acomputer$2rdamedia
=338  \\$aonline resource$2rdacarrier
=588  \\$aDescription based on online resource; title from PDF cover page (viewed on September 30, 2013).
=610  20$aAustralian Agency for International Development.
=650  \0$aSocial responsibility of business.
=710  2\$aOverseas Development Institute (London, England),$epublisher.
=856  40$uhttp://www.odi.org.uk/sites/odi.org.uk/files/odi-assets/publications-opinion-files/8502.pdf
=859  \\$aELD$bebook
=852  41$aBritish Library$bHMNTS$jELD Digital store
=CAT  \\$a10902$b40$c20130916$lBLL01$h1146
=CAT  \\$a11281$b40$c20130930$lBLL01$h0901
=CAT  \\$a7332$b40$c20131002$lBLL01$h1249
=CAT  \\$a7332$b40$c20131002$lBLL01$h1251
=CAT  \\$aWR14.047$c20140417$lBLL01$h1646
=CAT  \\$aW1611-0868$c20161114$lBLL01$h1415
=CAT  \\$aW1711-1225$c20171203$lBLL01$h1054
=FIN  \\$aY$d20130930
=STA  \\$aSUPPRESSED$bunable to determine reason for suppression
=LAS  \\$aW1711-1225$b00$c20171203$lBLL01$h1054

