=LDR  01737 am a2200445 i 4500
=001  016497994
=003  Uk
=005  20130930093830.0
=006  m\\\\||\\d\|\\\\\\
=007  cr\|||||||||||
=008  130916s2013\\\\enka|||\ob\\\\0||\0|eng\\
=FMT  \\$a  BK
=015  \\$aGBB388774$2bnb
=040  \\$aUk$beng$cUk$erda
=042  \\$aukblsr
=082  04$a338.13096$223
=100  1\$aLocke, Anna,$eauthor.
=245  10$aProperty rights and development briefing :$bProperty rights and economic Growth /$cAnna Locke.
=246  30$aProperty rights and economic Growth
=264  \1$aLondon :$bOverseas Deveopment Institute,$cAugust 2013.
=300  \\$a1 online resource (ii, 27 pages) :$billustrations (colour)
=336  \\$atext$2rdacontent
=337  \\$acomputer$2rdamedia
=338  \\$aonline resource$2rdacarrier
=504  \\$aIncludes bibliographical references.
=588  \\$aDescription based on online resource; title from PDF cover page (viewed on September 30, 2013).
=650  \0$aRight of property$zAfrica.
=650  \0$aLand use, Rural$xEconomic aspects$zAfrica.
=710  2\$aOverseas Development Institute (London, England),$epublisher.
=856  40$uhttp://www.odi.org.uk/sites/odi.org.uk/files/odi-assets/publications-opinion-files/8513.pdf
=859  \\$aELD$bebook
=852  41$aBritish Library$bHMNTS$jELD Digital store
=CAT  \\$a10902$b40$c20130916$lBLL01$h1153
=CAT  \\$a11281$b40$c20130930$lBLL01$h0938
=CAT  \\$aWR14.047$c20140417$lBLL01$h1646
=CAT  \\$aW1611-0868$c20161114$lBLL01$h1415
=CAT  \\$aW1711-1225$c20171203$lBLL01$h1054
=FIN  \\$aY$d20130930
=STA  \\$aSUPPRESSED$bunable to determine reason for suppression
=LAS  \\$aW1711-1225$b00$c20171203$lBLL01$h1054

