=LDR  01819 am a2200469 i 4500
=001  016497999
=003  Uk
=005  20130930104430.0
=006  m\\\\||\\d\|\\\\\\
=007  cr\|||||||||||
=008  130916s2013\\\\enka|||\ob\\\\0||\0|eng\\
=FMT  \\$a  BK
=015  \\$aGBB388782$2bnb
=040  \\$aUk$beng$cUk$erda
=042  \\$aukblsr
=082  04$a338.13318$223
=100  1\$aWiggins, Steve,$d1950-$eauthor.
=245  14$aThe end of cheap rice :$bA cause for celebration? /$cSteve Wiggins and Sharada Keats.
=264  \1$aLondon :$bOverseas Development Institute,$cAugust 2013.
=300  \\$a1 online resource (6 pages) :$billustrations (colour).
=336  \\$atext$2rdacontent
=337  \\$acomputer$2rdamedia
=338  \\$aonline resource$2rdacarrier
=490  1\$aBriefing ;$v2052-7160 ;$v82
=504  \\$aIncludes bibliographical references.
=588  \\$aDescription based on online resource; title from PDF cover page (viewed on September 30, 2013).
=650  \0$aRice$xEconomic aspects.
=650  \0$aRice$xPrices.
=700  1\$aKeats, Sharada,$eauthor.
=710  2\$aOverseas Development Institute (London, England),$epublisher.
=830  \0$aBriefing (Overseas Development Institute (London, England)) ;$v82.
=856  40$uhttp://www.odi.org.uk/sites/odi.org.uk/files/odi-assets/publications-opinion-files/8516.pdf
=859  \\$aELD$bebook
=852  41$aBritish Library$bHMNTS$jELD Digital store
=CAT  \\$a10902$b40$c20130916$lBLL01$h1156
=CAT  \\$a11281$b40$c20130930$lBLL01$h1044
=CAT  \\$aWR14.047$c20140417$lBLL01$h1646
=CAT  \\$aW1611-0868$c20161114$lBLL01$h1415
=CAT  \\$aW1711-1225$c20171203$lBLL01$h1054
=FIN  \\$aY$d20130930
=STA  \\$aSUPPRESSED$bunable to determine reason for suppression
=LAS  \\$aW1711-1225$b00$c20171203$lBLL01$h1054

