=LDR  01926 am a2200481 i 4500
=001  016498006
=003  Uk
=005  20131002133223.0
=006  m\\\\||\\d\|\\\\\\
=007  cr\|||||||||||
=008  130916s2013\\\\enka|||\ob\\\\0||\0|eng\\
=FMT  \\$a  BK
=015  \\$aGBB388808$2bnb
=040  \\$aUk$beng$cUk$erda
=042  \\$aukblsr
=082  04$a331$223
=100  1\$aMartins, Pedro$c(Development economist),$eauthor.
=245  10$aEmployment in a post-2015 framework :$bProposals for monitoring indicators /$cPedro Martins and Laura Rodriguez Takeuchi.
=264  \1$aLondon :$bOverseas Development Institute,$cAugust 2013.
=300  \\$a1 online resource (48 pages) :$billustrations (colour).
=336  \\$atext$2rdacontent
=337  \\$acomputer$2rdamedia
=338  \\$aonline resource$2rdacarrier
=490  1\$aWorking paper ;$v1759-2917
=504  \\$aIncludes bibliographical references.
=588  \\$aDescription based on online resource; title from PDF cover page (viewed on September 30, 2013).
=650  \0$aLabor.
=650  \0$aLabor$xStatistics.
=700  1\$aRodriguez Takeuchi, Laura,$eauthor.
=710  2\$aOverseas Development Institute (London, England),$epublisher.
=830  \0$aWorking paper (Overseas Development Institute (London, England)) ;$v1759-2909.
=856  40$uhttp://www.odi.org.uk/sites/odi.org.uk/files/odi-assets/publications-opinion-files/8503.pdf
=859  \\$aELD$bebook
=852  41$aBritish Library$bHMNTS$jELD Digital store
=CAT  \\$a10902$b40$c20130916$lBLL01$h1206
=CAT  \\$a11281$b40$c20130930$lBLL01$h1358
=CAT  \\$a7332$b40$c20131002$lBLL01$h1332
=CAT  \\$aWR14.047$c20140417$lBLL01$h1646
=CAT  \\$aW1611-0868$c20161114$lBLL01$h1415
=CAT  \\$aW1711-1225$c20171203$lBLL01$h1054
=FIN  \\$aY$d20130930
=STA  \\$aSUPPRESSED$bunable to determine reason for suppression
=LAS  \\$aW1711-1225$b00$c20171203$lBLL01$h1054

