=LDR  01056 am a22002893i 4500
=001  016498081
=003  Uk
=005  20130916142705.0
=006  m\\\\||\\d\|\\\\\\
=007  cr\|||||||||||
=008  130916s2013\\\\enk\\\\\o\\\\\0|0\0|eng\\
=FMT  \\$a  BK
=245  \0$aMaking the Difference :$bthe role of adult social care services in supporting vulnerable offenders.
=264  \1$aLondon :$bPrison Reform Trust,$c[2013].
=336  \\$atext$2rdacontent
=337  \\$acomputer$2rdamedia
=338  \\$aonline resource$2rdacarrier
=690  7\$aSocial Welfare$2blcoll
=856  40$uhttp://www.prisonreformtrust.org.uk/Portals/0/Documents/Making%20the%20difference.pdf
=859  \\$aELD$bebook
=852  41$aBritish Library$bHMNTS$jELD Digital store
=CAT  \\$a10902$b40$c20130916$lBLL01$h1427
=CAT  \\$aWR14.047$c20140417$lBLL01$h1646
=CAT  \\$aW1611-0868$c20161114$lBLL01$h1415
=CAT  \\$aW1711-1225$c20171203$lBLL01$h1054
=STA  \\$aSUPPRESSED$bunable to determine reason for suppression
=LAS  \\$aW1711-1225$b00$c20171203$lBLL01$h1054

