=LDR  01050 am a22002773i 4500
=001  016498441
=003  Uk
=005  20130917115726.0
=006  m\\\\||\\d\|\\\\\\
=007  cr\|||||||||||
=008  130917s2013\\\\enk\\\\\o\\\\\0|0\0|eng\\
=FMT  \\$a  BK
=245  \0$aFuture Energy Consumption of Digital Radio Receivers :$bDigital Radio Action Plan Report.
=264  \1$aLondon :$bDepartment for Culture, Media and Sport,$c2013.
=336  \\$atext$2rdacontent
=337  \\$acomputer$2rdamedia
=338  \\$aonline resource$2rdacarrier
=856  40$uhttps://www.gov.uk/government/uploads/system/uploads/attachment_data/file/206472/DRAP_Future_Energy_Report.pdf
=859  \\$aELD$bebook
=852  41$aBritish Library$bHMNTS$jELD Digital store
=CAT  \\$a10983$b40$c20130917$lBLL01$h1157
=CAT  \\$aWR14.047$c20140417$lBLL01$h1646
=CAT  \\$aW1611-0868$c20161114$lBLL01$h1415
=CAT  \\$aW1711-1225$c20171203$lBLL01$h1054
=STA  \\$aSUPPRESSED$bunable to determine reason for suppression
=LAS  \\$aW1711-1225$b00$c20171203$lBLL01$h1054

