=LDR  01212 am a22003133i 4500
=001  016498535
=003  Uk
=005  20130917135713.0
=006  m\\\\||\\d\|\\\\\\
=007  cr\|||||||||||
=008  130917s2013\\\\enk\\\\\o\\\\\0|0\0|eng\\
=FMT  \\$a  BK
=245  \0$aMeta-Evaluation of the Impacts and Legacy of the London 2012 Olympic Games and Paralympic Games.
=264  \1$aLondon :$bDepartment for Culture, Media and Sport,$c2013.
=336  \\$atext$2rdacontent
=337  \\$acomputer$2rdamedia
=338  \\$aonline resource$2rdacarrier
=490  0\$aReport 5 : Post-Games Evaluation
=856  40$uhttps://www.gov.uk/government/uploads/system/uploads/attachment_data/file/224143/Report_5_Research_Questions_FINAL.pdf
=859  \\$aELD$bebook
=852  41$aBritish Library$bHMNTS$jELD Digital store
=CAT  \\$a10983$b40$c20130917$lBLL01$h1353
=CAT  \\$a10983$b40$c20130917$lBLL01$h1355
=CAT  \\$a10983$b40$c20130917$lBLL01$h1357
=CAT  \\$aWR14.047$c20140417$lBLL01$h1646
=CAT  \\$aW1611-0868$c20161114$lBLL01$h1415
=CAT  \\$aW1711-1225$c20171203$lBLL01$h1054
=STA  \\$aSUPPRESSED$bunable to determine reason for suppression
=LAS  \\$aW1711-1225$b00$c20171203$lBLL01$h1054

