=LDR  01103 am a22003013i 4500
=001  016498602
=003  Uk
=005  20130917143209.0
=006  m\\\\||\\d\|\\\\\\
=007  cr\|||||||||||
=008  130917s2013\\\\enk\\\\\o\\\\\0|0\0|eng\\
=FMT  \\$a  BK
=245  \0$aDalgety Bay Appropriate Person Report.
=264  \1$aStirling :$bScottish Environment Protection Agency - SEPA,$c2013.
=336  \\$atext$2rdacontent
=337  \\$acomputer$2rdamedia
=338  \\$aonline resource$2rdacarrier
=500  \\$aIncludes appendix.
=856  40$uhttp://www.sepa.org.uk/radioactive_substances/publications/idoc.ashx?docid=f8e2876d-78b8-4282-9f65-3f9059da09c6&version=-1
=859  \\$aELD$bebook
=852  41$aBritish Library$bHMNTS$jELD Digital store
=CAT  \\$a12664$b40$c20130917$lBLL01$h1429
=CAT  \\$a12664$b40$c20130917$lBLL01$h1432
=CAT  \\$aWR14.047$c20140417$lBLL01$h1646
=CAT  \\$aW1611-0868$c20161114$lBLL01$h1415
=CAT  \\$aW1711-1225$c20171203$lBLL01$h1054
=STA  \\$aSUPPRESSED$bunable to determine reason for suppression
=LAS  \\$aW1711-1225$b00$c20171203$lBLL01$h1054

