=LDR  01039 am a22002773i 4500
=001  016498639
=003  Uk
=005  20130917144342.0
=006  m\\\\||\\d\|\\\\\\
=007  cr\|||||||||||
=008  130917s2013\\\\enk\\\\\o\\\\\0|0\0|eng\\
=FMT  \\$a  BK
=245  \0$aDalgety Bay Radioactive Contaminated Land Risk Assessment.
=264  \1$aStirling :$bScottish Environment Protection Agency - SEPA,$c2013.
=336  \\$atext$2rdacontent
=337  \\$acomputer$2rdamedia
=338  \\$aonline resource$2rdacarrier
=856  40$uhttp://www.sepa.org.uk/radioactive_substances/publications/idoc.ashx?docid=97cad49d-deb0-4603-92a3-6d9e182bb2fd&version=-1
=859  \\$aELD$bebook
=852  41$aBritish Library$bHMNTS$jELD Digital store
=CAT  \\$a12664$b40$c20130917$lBLL01$h1443
=CAT  \\$aWR14.047$c20140417$lBLL01$h1646
=CAT  \\$aW1611-0868$c20161114$lBLL01$h1415
=CAT  \\$aW1711-1225$c20171203$lBLL01$h1054
=STA  \\$aSUPPRESSED$bunable to determine reason for suppression
=LAS  \\$aW1711-1225$b00$c20171203$lBLL01$h1054

