=LDR  01175 am a22003013i 4500
=001  016500274
=003  Uk
=005  20130918094025.0
=006  m\\\\||\\d\|\\\\\\
=007  cr\|||||||||||
=008  130918s2013\\\\enk\\\\\o\\\\\0|0\0|eng\\
=FMT  \\$a  BK
=245  \0$aGOVERNMENT REVIEW OF THE BALANCE OF COMPETENCES BETWEEN THE UNITED KINGDOM AND THE EUROPEAN UNION :$bCall For Evidence : Research and Development.
=264  \1$aLondon :$bBIS,$c2013.
=336  \\$atext$2rdacontent
=337  \\$acomputer$2rdamedia
=338  \\$aonline resource$2rdacarrier
=500  \\$aBIS/13/866
=690  7\$aManagement and Business Studies$2blcoll
=856  40$uhttps://www.gov.uk/government/consultations/review-of-uk-and-eu-balance-of-competences-call-for-evidence-on-research-and-development
=859  \\$aELD$bebook
=852  41$aBritish Library$bHMNTS$jELD Digital store
=CAT  \\$a8311$b40$c20130918$lBLL01$h0940
=CAT  \\$aWR14.047$c20140417$lBLL01$h1646
=CAT  \\$aW1611-0868$c20161114$lBLL01$h1415
=CAT  \\$aW1711-1225$c20171203$lBLL01$h1054
=STA  \\$aSUPPRESSED$bunable to determine reason for suppression
=LAS  \\$aW1711-1225$b00$c20171203$lBLL01$h1054

