=LDR  00989 am a22002893i 4500
=001  016500335
=003  Uk
=005  20130918105917.0
=006  m\\\\||\\d\|\\\\\\
=007  cr\|||||||||||
=008  130918s2013\\\\enk\\\\\o\\\\\0|0\0|eng\\
=FMT  \\$a  BK
=245  \0$aImpact Assessment Calculator :$bInstructions.
=264  \1$aLondon :$bBIS,$c2013.
=336  \\$atext$2rdacontent
=337  \\$acomputer$2rdamedia
=338  \\$aonline resource$2rdacarrier
=690  7\$aManagement and Business Studies$2blcoll
=856  40$uhttps://www.gov.uk/government/publications/impact-assessment-calculator--3
=859  \\$aELD$bebook
=852  41$aBritish Library$bHMNTS$jELD Digital store
=CAT  \\$a8311$b40$c20130918$lBLL01$h1059
=CAT  \\$aWR14.047$c20140417$lBLL01$h1646
=CAT  \\$aW1611-0868$c20161114$lBLL01$h1415
=CAT  \\$aW1711-1225$c20171203$lBLL01$h1054
=STA  \\$aSUPPRESSED$bunable to determine reason for suppression
=LAS  \\$aW1711-1225$b00$c20171203$lBLL01$h1054

