=LDR  01148 am a22002893i 4500
=001  016500663
=003  Uk
=005  20130919103610.0
=006  m\\\\||\\d\|\\\\\\
=007  cr\|||||||||||
=008  130919s2013\\\\enk\\\\\o\\\\\0|0\0|eng\\
=FMT  \\$a  BK
=245  \0$aFairer Charging Policies for Home Care and other non-residential Social Services :$bGuidance for Councils with Social Services Responsibilities June.
=264  \1$aLondon :$bDepartment of Health,$c2013.
=336  \\$atext$2rdacontent
=337  \\$acomputer$2rdamedia
=338  \\$aonline resource$2rdacarrier
=690  7\$aSocial Welfare$2blcoll
=856  40$uhttps://www.gov.uk/government/uploads/system/uploads/attachment_data/file/208323/Fairer_Charging_Guidance_final_2013-06-20_rc.pdf
=859  \\$aELD$bebook
=852  41$aBritish Library$bHMNTS$jELD Digital store
=CAT  \\$a8311$b40$c20130919$lBLL01$h1036
=CAT  \\$aWR14.047$c20140417$lBLL01$h1646
=CAT  \\$aW1611-0868$c20161114$lBLL01$h1415
=CAT  \\$aW1711-1225$c20171203$lBLL01$h1054
=STA  \\$aSUPPRESSED$bunable to determine reason for suppression
=LAS  \\$aW1711-1225$b00$c20171203$lBLL01$h1054

