=LDR  01314 am a22002893i 4500
=001  016500699
=003  Uk
=005  20130919111004.0
=006  m\\\\||\\d\|\\\\\\
=007  cr\|||||||||||
=008  130919s2013\\\\enk\\\\\o\\\\\0|0\0|eng\\
=FMT  \\$a  BK
=245  \0$aCHARGING for RESIDENTIAL ACCOMMODATION GUIDE (CRAG) :$bin support of The National Assistance (Assessment of Resources) Regulations 1992 (S.I. 1992/2977) : UPDATE CRAG has been updated to take account of changes introduced by virtue of S.I. 2013 No.518. Changes to CRAG are shown by the use of green shading. June.
=264  \1$aLondon :$bDepartment of Health,$c2013.
=336  \\$atext$2rdacontent
=337  \\$acomputer$2rdamedia
=338  \\$aonline resource$2rdacarrier
=690  7\$aSocial Welfare$2blcoll
=856  40$uhttps://www.gov.uk/government/uploads/system/uploads/attachment_data/file/208532/CRAG_guidance_web_publishing_2013_-_06-20rc_1_.pdf
=859  \\$aELD$bebook
=852  41$aBritish Library$bHMNTS$jELD Digital store
=CAT  \\$a8311$b40$c20130919$lBLL01$h1110
=CAT  \\$aWR14.047$c20140417$lBLL01$h1646
=CAT  \\$aW1611-0868$c20161114$lBLL01$h1415
=CAT  \\$aW1711-1225$c20171203$lBLL01$h1054
=STA  \\$aSUPPRESSED$bunable to determine reason for suppression
=LAS  \\$aW1711-1225$b00$c20171203$lBLL01$h1054

